1717 3075
494 178 797 238 Domo
848 182 1054 241 sua.
1278 180 1364 252 89

158 293 293 340 eum
317 274 568 338 senatum
598 296 629 335 a
660 277 1040 355 gubernaculis
1070 275 1368 354 dejeeiss‘es,

162 364 437 447 populum
470 384 503 422 e
524 365 653 423 navi
673 360 1029 438 exturbaffes,
1059 361 1170 442 ipse
1193 366 1370 423 archi-

165 455 353 532 pirata
374 470 505 511 cum
528 468 690 527 grege
720 449 1060 527 praedonum
1084 450 1372 530 impul-issi·

168 556 263 597 mo
285 536 603 618 pleniffimis
626 534 761 594 velis
793 539 1078 613 navigares
1098 559 1116 595 ε
1147 534 1208 610 fi,
1233 556 1373 617 quae

168 638 287 682 tum
306 620 684 702 promulgasti,
706 618 1048 697 constituisti,
1061 620 1371 701 promisisti,

170 706 488 782 vendidisti,
520 705 757 785 perferre
782 704 1063 793 potuiss'es,
1091 710 1190 787 qui
1211 708 1368 769 locus

170 798 233 855 in
264 795 405 853 orbe
428 808 695 852 terrarum
716 812 926 853 vacuus
939 792 1372 853 extraordinari-

170 881 221 940 is
242 879 503 954 fascibus,
520 894 683 958 atque
696 879 932 959 imperio
947 880 1224 941 Clodiano
1241 876 1372 941 fiiis-

168 963 293 1026 set?
319 964 413 1025 sed
436 966 705 1025 excitatus
736 965 1042 1043 aliquando
1067 970 1180 1025 Cn.
1208 972 1372 1027 Porn-

168 1055 281 1133 peii
313 1051 522 1123 (dicam
539 1049 657 1130 ipso
678 1051 952 1127 audiente,
975 1051 1127 1131 quod
1145 1050 1296 1127 senii,
1313 1066 1372 1112 et

170 1136 375 1213 sentio,
399 1156 631 1217 quoquo
649 1140 839 1198 animo
860 1158 949 1198 me
971 1138 1250 1198 auditurus
1263 1136 1370 1216 est)

166 1226 449 1286 excitatus
472 1227 723 1301 inquam,
751 1224 1050 1304 aliquando
1073 1232 1184 1284 Cn.
1205 1232 1370 1284 Pom-

170 1312 283 1393 peii
314 1312 543 1369 nimium
566 1310 657 1369 diu
693 1309 1035 1385 reconditus,
1069 1326 1125 1369 et
1147 1313 1372 1389 penitus

170 1395 445 1457 abstrusus
483 1398 653 1455 animi
697 1395 859 1455 dolor
903 1394 1154 1456 subvenit
1191 1395 1372 1456 subito

168 1482 528 1564 reipublicae,
544 1478 936 1562 civitatemque
951 1480 1172 1542 fractam
1191 1482 1372 1556 malis,

170 1585 410 1645 mutam,
440 1569 797 1646 debilitatam,
821 1569 1084 1647 abjectam
1099 1583 1269 1643 metu,
1299 1569 1372 1629 ad

172 1657 413 1736 aliquam
434 1652 581 1736 spem
600 1656 892 1730 libertatis,
907 1670 965 1714 et
979 1654 1234 1734 pristinae
1247 1655 1372 1732 dig·

172 1744 369 1802 nitatis
391 1745 587 1802 erexit.
636 1744 727 1801 bic
748 1743 836 1800 vir
849 1755 1010 1800 extra
1025 1740 1272 1802 ordinem
1291 1743 1370 1801 rei

172 1828 563 1888 frumentariae
576 1827 966 1907 praeficiendus
985 1849 1104 1888 uon
1123 1827 1254 1888 fuit?
1271 1827 1372 1887 sci-

172 1914 301 1975 licet
312 1930 371 1973 tu
384 1914 635 1974 helluoni
650 1913 995 1993 spurciffimo,
1004 1913 1373 1994 praegustato-

174 2003 221 2060 ri
244 2000 535 2060 libidinum
552 2016 791 2074 tuarum,
808 2001 1022 2060 homini
1037 1999 1374 2078 egentiffimo

172 2101 231 2147 et
246 2085 693 2146 facinorofiss'imo
715 2093 839 2145 Sex.
869 2085 1094 2160 clodio,
1120 2084 1268 2146 socio
1293 2087 1376 2146 tui

174 2171 482 2250 sanguinis,
507 2175 602 2252 qui
632 2171 725 2231 sua
738 2171 924 2249 lingua
943 2175 1104 2230 etiam
1131 2169 1376 2232 sororem

176 2273 327 2318 tuam
344 2281 378 2318 a
394 2275 451 2316 te
474 2259 822 2331 abalienavit,
848 2279 1016 2317 omne
1037 2256 1375 2318 frumentum

174 2346 457 2426 privatum
473 2359 529 2403 et
544 2343 1038 2423 publicum,omnea
1056 2346 1376 2423 provincias

170 2429 586 2505 frumentarias,
617 2451 813 2490 omnes
834 2433 1141 2509 mancipes,
1179 2449 1376 2489 omnes

163 2518 501 2580 horreorum
518 2516 701 2579 claves
716 2516 834 2596 lege
850 2531 944 2577 tua
962 2513 1245 2577 tradidisti.
1269 2533 1380 2595 qua
