1717 3075
356 178 469 243 188
562 184 681 241 DE
724 178 1324 242 HARUSPICUM

346 278 477 359 plan
484 278 719 354 ationes,
736 276 1092 339 Etruscorum
1107 274 1398 357 disciplina
1413 292 1556 335 con-

348 366 517 426 tineri
540 379 841 445 putarunt:
881 386 1024 445 quae
1045 363 1263 444 quidem
1279 376 1446 423 tanta
1459 361 1558 437 est,

350 466 415 511 ut
449 450 631 510 nostra
661 454 925 512 memoria
949 454 1186 532 primum
1215 449 1402 509 Italici
1427 404 1558 508 belli

350 536 561 597 funesta
575 536 669 596 illa
684 540 978 619 principia,
1001 536 1120 617 post
1141 535 1380 615 Syllani,
1417 537 1560 595 Cin·

348 625 597 702 nanique
626 627 893 705 temporis
931 639 1240 683 extremum
1269 642 1422 702 pene
1449 618 1556 681 dis·

350 710 707 785 crimen,tum
724 715 870 770 hanc
884 726 1156 771 recentem
1173 710 1328 769 urbis
1343 709 1559 768 inflam-

352 794 610 871 mandae,
632 796 962 878 delendique
976 799 1190 877 imperii
1207 795 1562 875 coujuratio-

352 902 508 959 neua,
520 903 637 942 non
654 880 884 945 obscure
899 884 1060 945 vobis
1077 883 1244 965 paulo
1259 896 1392 942 ante
1406 886 1561 961 'prae-

349 968 623 1030 dixerint.
670 968 870 1031 deinde
889 972 1070 1034 etiam
1084 970 1356 1048 cognovi,
1383 966 1563 1029 multu

354 1058 612 1117 homiues
626 1056 957 1119 dofflssimos
972 1054 1492 1139 sapientiffimosque
1505 1068 1563 1115 et

353 1140 574 1219 dixisse,
597 1158 653 1203 et
672 1143 874 1225 scripta
893 1143 970 1204 de'
981 1143 1209 1204 deornm
1229 1142 1561 1203 immor-nh·

360 1246 457 1289 um
486 1230 717 1289 numine
746 1228 1056 1309 reliquifle.
1081 1250 1224 1311 quae
1239 1249 1560 1310 quanquam

356 1314 633 1377 divinitus
664 1315 964 1398 perscripta
993 1314 1182 1393 video,
1209 1332 1399 1377 tamen
1421 1313 1562 1395 ejus-

358 1402 515 1463 modi
528 1400 677 1477 sunt,
704 1419 769 1463 ut
788 1424 852 1463 ea
865 1405 1108 1482 majores
1127 1400 1302 1465 nostri
1324 1399 1565 1465 docuiffe

360 1488 514 1565 illos,
538 1509 658 1552 non
682 1490 875 1554 abillis
887 1488 1120 1553 didiciffe
1141 1489 1456 1552 videantur.
1483 1505 1568 1552 et·

362 1578 515 1650 enirn
538 1578 663 1658 quis
686 1577 763 1640 est
790 1595 904 1640 tam
925 1581 1150 1654 vecors}
1178 1580 1413 1659 quiam,
1437 1596 1567 1640 cum

356 1660 661 1744 fiispexerit
680 1667 743 1725 in
766 1666 1006 1742 coelum,
1034 1664 1170 1726 deos
1189 1662 1293 1725 effe
1305 1667 1430 1724 non
1445 1662 1566 1724 stn-

364 1749 489 1825 fiat,
503 1766 560 1808 et
572 1771 658 1826 ea,
674 1772 813 1832 quae
828 1768 984 1814 tanta
997 1767 1184 1812 mente
1197 1750 1364 1826 fiunt,
1382 1765 1448 1811 ut
1468 1751 1568 1816 vix

364 1833 651 1916 quisquam
668 1855 785 1900 arte
797 1839 912 1900 ulla
921 1838 1179 1900 ordinem
1193 1839 1377 1899 rerum
1393 1859 1458 1898 ac
1471 1857 1568 1898 ne·

360 1922 738 1986 testitudinem
778 1923 1028 2008 persequi
1063 1923 1244 2008 poffit,
1291 1921 1416 1984 casu
1453 1921 1569 1985 fied

365 2024 527 2092 putet
544 2033 563 2069 ε
598 2027 718 2088 aut,
748 2033 875 2074 cum
903 2012 1040 2073 deos
1070 2009 1175 2072 effe
1200 2009 1563 2088 intellexerit,

365 2115 491 2156 ‚non
512 2098 804 2178 intelligat,
826 2119 1020 2159 eorum
1043 2099 1271 2158 numine
1301 2101 1414 2158 hoc
1443 2113 1567 2157 tan·

286 2245 289 2250 ,
366 2197 488 2244 tum
504 2185 793 2266 imperium
808 2185 911 2246 effi?
933 2202 1148 2262 natum,
1170 2201 1225 2244 et
1241 2188 1485 2260 audium,
1513 2195 1568 2244 et

370 2273 689 2332 retentum?
716 2277 884 2353 quim
913 2271 1171 2334 volumus
1193 2272 1349 2348 licet,
1379 2278 1570 2331 Patres

368 2354 691 2437 conscripti,
716 2357 826 2439 ipfi
836 2379 945 2419 nos
973 2379 1239 2444 amemus.
1265 2372 1453 2418 tamen
1471 2376 1572 2420 nee

366 2461 603 2502 numero
635 2442 940 2524 Hispanos,
978 2465 1084 2504 nec
1117 2447 1321 2504 robore
1357 2443 1574 2520 Gallos,

370 2547 475 2588 nec
489 2527 779 2590 calliditate
794 2537 1043 2610 Poenos,
1059 2551 1164 2592 nec
1179 2531 1576 2593 artibusorae·
