1717 3075
384 187 505 251 304·
680 170 934 228 o-RAT
953 174 982 227 1
1003 176 1052 228 o
1097 172 1204 227 PR
1224 170 1274 225 0

380 270 501 344 agri
512 266 715 326 Gallici
736 269 1008 347 ρει-εἶδος,
1031 270 1094 325 in
1107 266 1202 325 illa
1233 256 1596 342 conjurati&

380 374 456 412 ne
494 352 785 413 versatum.
826 353 1086 431 idemque
1125 360 1194 411 C.
1233 353 1610 426 Marcellum}

380 462 509 499 cum
526 443 573 498 is
588 460 707 498 non
733 438 906 497 solum
935 446 1178 519 Capuam
1205 438 1474 514 venifl'et,
1503 460 1598 499 ve·

383 548 506 587 rum
522 528 683 584 etiam
702 524 773 600 se,
804 524 954 603 quafi
979 544 1259 583 armorum
1291 522 1508 599 studio,
1539 528 1596 585 in

383 614 679 673 maximam
696 613 955 671 familiam
971 608 1308 689 conjeciss'et,
1325 612 1604 672 extermi-

382 698 625 758 nandum
643 720 717 757 ex
730 698 825 757 illa
840 702 972 757 urbe
987 698 1221 768 curavit3
1241 716 1360 779 qua
1377 697 1594 757 decau-

382 784 439 844 sa
474 800 537 847 et
568 801 687 843 tum
722 777 1040 843 convenths
1077 784 1168 841 ille
1205 788 1460 861 Capuae,
1504 784 1594 863 qni

382 885 612 953 propter
640 869 868 930 salutem
894 870 1040 929 illius
1069 870 1256 943 urbis,
1297 868 1595 929 consulatu

380 955 759 1019 conservatam
786 976 936 1031 mee,
963 976 1054 1015 me
1083 975 1256 1014 unum
1283 972 1594 1033 patronum

381 1044 693 1123 adoptavit,
714 1045 840 1101 huic
854 1042 1002 1121 apud
1019 1062 1108 1099 me
1121 1049 1184 1100 P.
1209 1043 1414 1100 Sextio
1439 1062 1592 1101 max-

383 1132 523 1189 imas
539 1132 743 1206 gratias
758 1132 908 1207 egit3
935 1144 990 1186 et
1011 1130 1119 1187 hoc
1143 1144 1406 1207 ternpore
1435 1128 1596 1189 iidem

383 1218 664 1291 homines,
694 1218 926 1275 nomine
953 1229 1324 1288 commutato,
1363 1215 1594 1288 coloni,

384 1302 809 1381 decurionesque
846 1300 1117 1360 fortissimi
1130 1343 1148 1373 ,
1184 1315 1358 1378 atque
1395 1302 1594 1382 optimi

382 1391 515 1463 viri,
537 1388 859 1447 beneficium
873 1396 950 1447 .P.
967 1385 1139 1445 Sentii
1155 1385 1488 1447 testimonio
1505 1388 1596 1447 de·

381 1474 1032 1556 darant,perieulmnque
1043 1472 1268 1532 decreto
1283 1471 1390 1532 suo
1409 1474 1596 1554 depre-
1675 1452 1677 1512 ¹

381 1575 600 1622 cantur.
620 1564 806 1636 recita,
820 1559 1047 1640 quaeso,
1063 1568 1124 1619 P.
1141 1562 1322 1636 Sexti,
1335 1561 1484 1640 quid
1501 1561 1598 1622 de·
1673 1577 1675 1586 ·

380 1651 659 1708 creverint
672 1654 890 1728 Capuae
901 1647 1226 1706 decuniones
1233 1668 1252 1718 3
1273 1648 1476 1724 utjam
1494 1669 1606 1729 pu·-

382 1737 531 1793 erilis
546 1751 641 1793 tua
653 1753 769 1793 vox
786 1733 944 1814 possit
957 1732 1164 1812 aliquid
1179 1731 1496 1810 fignificat-e
1511 1737 1596 1794 in·

379 1823 555 1882 imicis
588 1820 810 1896 nostriS,
838 1819 1126 1900 quidnam,
1151 1820 1280 1880 eum
1309 1819 1368 1879 se
1393 1841 1610 1881 corto--
1672 1835 1673 1839 ’

376 1911 607 1982 borarit,
624 1906 881 1966 effestura
891 1905 996 1965 effe
1009 1907 1281 1966 videatur.
1315 1927 1358 1966 D
1371 1927 1412 1967 E
1427 1929 1462 1968 c
1471 1929 1513 1968 a
1523 1928 1562 1967 ε
1571 1941 1594 1954 -

382 2013 531 2055 ‘rura
566 2011 1072 2053 oecononum.
1117 2013 1240 2051 non
1275 1995 1464 2054 recito
1495 1995 1606 2053 de·-

377 2097 585 2143 cretum
614 2080 801 2139 officio
824 2080 1011 2158 aliquo
1033 2078 1345 2157 expressum
1383 2083 1590 2141 vicini·

373 2171 527 2242 tatis,
550 2182 645 2225 aut
666 2165 973 2238 clientelae,
989 2181 1084 2222 aut
1103 2163 1328 2242 hospitii
1345 2168 1588 2244 publici,

373 2271 469 2312 aut
482 2254 916 2326 ambitioni-„ant
929 2251 1444 2310 commendationis
1461 2273 1588 2331 gra-

374 2342 473 2398 tia:
497 2337 584 2396 sed
602 2341 773 2396 recito
796 2339 1118 2396 memoriam
1139 2337 1423 2416 perfimffi
1439 2341 1588 2418 peri-

368 2423 499 2494 culi,
537 2423 1002 2500 praedicationem.
1021 2422 1326 2502 ampliffimi
1361 2425 1582 2484 benefi-

360 2507 461 2583 cii,
476 2508 835 2578 vicenmffieii
848 2508 1172 2590 praesentis,
1193 2509 1601 2586 testimonium
