1717 3075
481 231 1073 295 RESPONSIS·
1272 244 1390 293 221‘

184 330 248 393 in
264 331 608 414 haruspicum
631 328 922 413 responsis,
945 329 967 363 ‘
990 326 1300 408 providete,
1315 350 1388 391 ne

184 419 211 452 ‘
239 419 565 500 reipublicae
596 417 762 477 status
797 419 1222 478 commutetur.’
1273 432 1388 476 etc-

184 506 305 565 nim
336 508 436 565 vix
451 508 606 581 haec,
629 503 668 564 fi
682 504 930 583 undique
942 501 1254 578 fulciamus,
1268 504 1392 581 jam

182 591 463 666 labefacta,
487 593 613 667 vix,
634 593 888 670 inquam,
913 590 1109 646 innixa
1125 591 1184 648 in
1202 592 1388 649 omni-

108 684 167 729 28
186 696 279 736 um
295 676 540 737 nostrfim
555 678 795 736 humeris
813 676 1206 737 cohaerebunt.
1257 678 1388 737 Fuit

181 762 466 842 quondam
485 765 562 821 ita
573 762 727 821 firma
746 766 878 821 haec
891 761 1168 835 civitas,et
1179 760 1390 830 valens»,

180 864 245 909 ut
262 846 657 926 'negligentiam
682 845 926 921 senam,
948 846 1038 905 vel
1055 848 1218 906 etiam
1236 848 1388 925 inju-

182 937 291 994 rias
308 936 515 995 civium
540 932 681 992 ferre
696 934 872 1014 poffit.
915 932 1032 1008 jam
1049 954 1167 991 non
1186 932 1394 1013 potest.-

181 1022 453 1081 aerarium
482 1019 699 1079 nullum
730 1018 837 1078 este
881 1019 1231 1096 vestigalibus
1265 1038 1394 1081 nom

182 1105 474 1180 fruuntur,
520 1106 617 1185 qui
656 1105 1006 1165 redemerunt
1032 1127 1048 1165 =
1089 1108 1388 1167 auctoritas

182 1194 497 1274 principum
521 1191 755 1252 cecidit:
796 1189 1094 1251 consensus
1125 1192 1388 1253 ordinum

182 1278 260 1338 est
287 1277 551 1339 divulsus:
569 1275 778 1355 judicia
797 1279 1100 1357 perierunt:
1131 1275 1388 1357 suffragia

182 1363 451 1445 descripta
473 1377 735 1423 tenentur
750 1384 781 1421 a
796 1364 1008 1443 paucis:
1034 1365 1310 1423 bonorum
1326 1384 1388 1423 a·

182 1452 369 1511 nimus
386 1450 453 1509 ad
470 1464 665 1509 nutum
682 1447 853 1509 nostri
873 1448 1083 1507 ordinis
1095 1448 1386 1528 expeditus

174 1539 295 1617 jam
319 1557 439 1597 non
458 1540 592 1598 erit:
623 1538 825 1611 civem,
848 1539 948 1616 qui
973 1532 1025 1594 se
1048 1555 1152 1615 pro
1175 1537 1388 1616 patriae

182 1622 351 1689 salute
380 1639 629 1705 opponat
652 1622 916 1696 invidiae,
952 1621 1143 1682 frustra
1166 1621 1388 1704 posthac

183 1712 495 1789 requiretis.
530 1729 700 1789 quare
714 1711 864 1769 hunc
879 1707 1096 1781 statum,
1121 1710 1216 1788 qui
1234 1729 1387 1771 nunc

182 1795 282 1872 est,
304 1795 695 1876 qualiscunque
724 1793 821 1872 est,
852 1793 1004 1854 nulla
1034 1794 1140 1854 alia
1176 1815 1254 1872 re,
1283 1795 1390 1857 nist

184 1881 507 1958 concordia,
537 1884 773 1941 retinere
794 1879 1095 1962 possumus·
1143 1901 1294 1959 nam,
1323 1899 1390 1943 ut

184 1969 415 2029 meliore
442 1968 603 2046 fimus
632 1968 787 2041 loco,
821 1987 895 2026 ne
922 1966 1230 2047 optandum
1261 1971 1390 2050 qui·

82 2108 87 2113 .
183 2053 309 2114 dem
330 2053 427 2128 est,
450 2054 547 2114 illo
571 2055 847 2134 impunito
870 2075 886 2112 =
911 2046 1388 2116 deteriore'autem

180 2139 319 2202 statu
348 2156 411 2198 nt
426 2138 611 2216 fimus„
642 2137 879 2198 unusest
899 2138 1128 2198 inferior
1158 2141 1390 2218 gradm,

185 2241 285 2286 aut
296 2227 578 2300 interitfis,
596 2240 690 2287 aut
707 2223 1006 2284 servitutis.
1051 2245 1168 2304 quo
1184 2247 1254 2284 ne
1271 2243 1393 2287 tru-

182 2311 401 2387 damur,
437 2313 517 2372 dii
541 2312 880 2370 immortales
913 2329 1020 2369 nos
1054 2304 1392 2389 admonent,-

182 2400 448 2477 quoniam
460 2397 790 2478 jampridem
806 2399 1045 2455 humana
1061 2395 1285 2473 con-filia
1300 2419 1390 2458 ce-

182 2482 458 2543 ciderunt.
485 2497 647 2562 atque
660 2502 766 2561 ego
780 2485 926 2541 hanc
943 2485 1253 2543 orationem
1259 2492 1392 2559 ,Pa-

186 2583 299 2629 tres
316 2565 633 2652 conscripti,
656 2583 771 2628 tam
788 2565 1012 2643 tristem,
1036 2584 1148 2628 tam
1162 2589 1388 2647 gravem
