1717 3075
363 184 440 246 44
692 170 1239 231 ORATIOII·

359 283 530 329 tatem
545 268 826 350 quandam
849 288 953 351 per
964 288 1071 330 vos
1086 266 1269 349 adepti
1282 265 1567 331 videmur.
1678 311 1680 353 ¹

299 386 308 395 ·
357 355 1037 437 quodenimtempuserat
1046 375 1313 435 unquam,
1314 354 1571 435 quoves-
1679 398 1680 403 κ

359 456 574 503 trorum
591 444 652 503 in
669 464 780 503 nos
794 442 1183 503 beneficiorum
1208 444 1482 501 memoria
1500 463 1571 505 ae
1678 444 1680 449 ’

355 528 502 589 fama
513 531 905 610 moriatur-,qui
918 529 1017 589 illo
1028 525 1149 609 ipso
1162 528 1567 607 tempore,cum

355 617 439 689 vi,
451 614 622 689 ferro,
633 631 808 691 metu,
821 617 991 675 minis
1006 613 1193 675 obseffi
1206 616 1567 691 teneremini,

357 720 478 761 non
495 701 678 762 multo
692 700 814 783 post
829 700 1111 763 disceffum
1133 721 1314 763 meum
1330 702 1563 761 univer—

355 784 500 847 fime
525 787 902 863 revocavistis,
934 786 1203 847 referente
1219 794 1293 849 L.
1312 788 1565 864 Ninnio,

351 870 640 935 fortiffimo
655 877 1051 955 atqueoptimo
1064 876 1193 935 viro
1210 875 1232 934 ἓ
1270 894 1439 954 quem
1454 877 1562 935 ha·-
1681 940 1682 955 χ

351 961 476 1021 buit
493 960 585 1021 ille
615 960 828 1043 pestifer
857 980 1041 1021 annua
1070 975 1128 1019 et
1156 962 1395 1021 maxime
1420 959 1561 1021 fide-

351 1046 485 1122 lem,
501 1064 558 1108 et
573 1050 802 1109 minime
818 1048 1093 1123 timidum,
1108 1046 1149 1107 fi
1162 1046 1423 1108 dimicare
1435 1047 1561 1129 pla·

350 1132 562 1209 euiffet,
577 1133 921 1195 defensorem
935 1131 1123 1203 salutis
1138 1154 1313 1195 meae·
1342 1134 1559 1214 postea-

347 1238 518 1300 quam
535 1224 696 1281 vobis
721 1220 959 1301 potestas
984 1220 1319 1283 decernendi
1338 1242 1459 1282 non
1474 1220 1557 1283 est

231 1338 238 1357 ι
348 1304 602 1387 permiss'a
629 1328 726 1387 per
753 1328 881 1367 eum
902 1309 1187 1369 tribunum
1208 1306 1409 1389 plebis,
1430 1310 1557 1388 qui,

348 1414 480 1454 eum
515 1414 614 1473 per
641 1392 695 1452 se
729 1396 1121 1475 rempublicam
1152 1395 1391 1456 lacerare
1423 1415 1555 1455 ‚non

346 1478 545 1560 posset,
574 1477 670 1543 sub
688 1480 877 1542 >alieno
904 1480 1099 1544 scelere
1120 1480 1325 1544 delevit
1342 1504 1361 1542 ι
1400 1501 1555 1542 ιιιιιι-

347 1585 518 1647 quam
533 1567 602 1628 de
615 1587 704 1628 me
717 1567 951 1645 siluistis,
974 1590 1051 1630 nu
1056 1589 1265 1650 nquam
1274 1590 1455 1630 meam
1468 1567 1553 1631 sa·

345 1651 518 1714 lutem
541 1675 662 1714 non
683 1657 752 1715 ab
773 1657 863 1716 his
878 1654 1217 1733 oonsulibus,
1238 1658 1339 1736 qui
1351 1655 1553 1718 vendi-

344 1737 566 1815 derant,
594 1740 954 1820 flagitavistiS.
1008 1745 1200 1824 itaque
1226 1741 1409 1804 vestro
1438 1741 1553 1805 stu·

346 1823 467 1902 dio,
495 1843 662 1908 atque
690 1831 1017 1890 auetoritate
1043 1829 1339 1911 perfeetum
1364 1827 1463 1904 est,
1485 1844 1553 1892 ut

341 1910 436 1974 ille
449 1912 562 1993 ipse
573 1934 778 1992 annus,
793 1935 961 1995 quem
976 1937 1083 1995 ego
1098 1919 1253 1994 mihi,
1266 1937 1434 1998 quam
1448 1937 1553 1998 pa

344 1999 508 2075 triae,
535 2001 833 2062 malueram
853 2001 957 2062 else
979 2001 1221 2080 fatalem,
1248 2007 1355 2066 hos
1370 2005 1549 2066 tribu-

345 2105 456 2146 nos
485 2089 732 2164 haberet,
763 2090 860 2168 qui
876 2105 931 2148 et
946 2091 1363 2171 promulgarent
1378 2090 1447 2152 de
1462 2089 1548 2152 sa-

342 2170 462 2233 lute
489 2193 630 2250 mea,
657 2190 716 2234 et
735 2175 804 2236 ad
825 2196 935 2236 voa
958 2173 1351 2257 saepenumero
1376 2176 1549 2238 refer

343 2275 492 2320 rent.
535 2281 666 2322 nam
693 2259 951 2322 consules
982 2262 1235 2340 modesti,
1256 2264 1551 2344 legumque

343 2360 676 2424 metuentes,
697 2348 1138 2428 impediebantur
1158 2350 1300 2428 lege,
1324 2371 1445 2412 non
1458 2354 1549 2426 ea,

343 2451 488 2509 quae
501 2431 570 2492 de
591 2453 704 2508 me,
727 2431 818 2495 sed
833 2436 923 2510 ea,
944 2454 1087 2514 quae
1100 2436 1169 2496 de
1196 2435 1323 2516 ipfis
1344 2437 1459 2499 lata
1484 2456 1549 2496 e-

343 2531 450 2593 rat,
465 2537 592 2580 oum
603 2539 762 2592 meua
777 2521 1041 2585 inimicus
1056 2521 1451 2602 promulgavit,
1459 2538 1549 2602 ut,
