1717 3075
503 162 1116 221 REsPoNsm
1298 176 1410 233 αις.

126 290 181 338 27
201 258 551 333 Parentibus,
576 272 632 317 et
652 256 759 318 diis
774 256 1202 332 immortalibus,
1231 268 1290 313 et
1312 274 1412 335 pa-

194 349 343 406 triae
368 363 483 405 nos
500 344 739 425 primum
766 358 963 403 natura
984 342 1266 405 conciliat.
1314 360 1411 401 eo·

201 432 328 492 dem
344 434 492 491 enim
520 446 775 511 tempore
798 444 856 488 et
887 427 1248 510 suscipimur'
1233 448 1296 487 m
1327 426 1414 487 lu·

202 536 348 593 cem,
372 534 429 577 et
450 520 559 577 hoc
590 516 805 577 coelesti
828 514 1018 595 spiritu
1045 534 1325 595 augemur,
1357 530 1418 575 et

164 656 171 661 .
200 621 411 666 certam
434 607 493 663 in
525 602 705 663 sedem
739 603 1006 677 civitatia,
1047 624 1111 663 ac
1142 602 1415 663 libertatis

204 690 544 753 ascribimur.
576 690 671 749 iste
685 703 977 770 parentum
995 709 1224 763 nomen,
1240 686 1416 765 sacra,

205 779 552 853 memoriam,
574 791 817 854 gentem,
840 776 1154 835 Fonteiano
1185 776 1418 838 nomine

197 866 421 925 obruit.
467 862 699 923 deorum
721 864 906 939 ignes,
944 859 1416 927 sollemnesmen·

189 950 323 1027 saa,
345 948 566 1011 abditos
582 970 645 1009 ac
662 946 968 1026 penetrales
993 946 1151 1009 focos
1159 992 1177 1021 ,
1201 946 1420 1007 occulta

192 1052 269 1097 ‘et
290 1037 530 1097 maribus
554 1056 674 1095 non
704 1032 884 1095 invisa
906 1032 1104 1109 solum,
1143 1032 1231 1093 sed
1251 1034 1421 1094 etiarn

210 1122 465 1184 inaudita
500 1121 672 1195 sacra,
708 1120 1034 1203 inexpiabili
1066 1118 1262 1181 scelere
1293 1140 1422 1201 per-

212 1210 407 1271 vertitt
436 1208 689 1288 idemque
703 1228 893 1268 earum
916 1208 1180 1287 templum
1203 1209 1420 1267 inflam-

214 1296 393 1358 mavit
422 1295 670 1370 dearum,
699 1314 932 1375 quarum
963 1314 1070 1373 ope
1101 1298 1268 1355 etiam
1297 1292 1422 1353 aliis

216 1382 494 1443 incendiis
512 1381 849 1442 subvenitur.
900 1380 1034 1460 quid
1055 1378 1126 1440 de
1147 1382 1324 1461 patria
1339 1380 1424 1439 lo·

205 1470 387 1552 quar?
414 1470 509 1551 qui
532 1468 769 1551 primum
794 1486 919 1527 eum
944 1468 1121 1527 civem
1143 1469 1225 1543 vi,
1248 1466 1422 1543 ferro,

216 1557 493 1638 pericuiO,
518 1559 679 1631 urbe,
712 1556 972 1616 omnibus
996 1555 1205 1634 patriae
1226 1552 1425 1635 praefi-

215 1643 577 1722 'diis-depulit,
596 1659 759 1722 quem
773 1661 881 1701 -vos
899 1643 1107 1721 patriae
1123 1640 1426 1701 conserva·

218 1745 401 1790 torem
424 1725 525 1788 else
559 1727 847 1809 saepissime
869 1727 1264 1806 judicaveratis
1280 1747 1301 1786 ἐ
1328 1727 1425 1788 de-

204 1814 351 1878 'inde
365 1813 555 1876 everso
572 1814 816 1891 Γεῐιειῒῦε,
838 1827 902 1874 ut
916 1835 1020 1893 ego
1051 1813 1258 1896 semper
1273 1811 1425 1892 dixi,

225 1903 455 1975 comite3
472 1902 632 1977 duce,
646 1917 710 1961 ut
726 1900 816 1961 ille
830 1901 1068 1976 dicebat,
1084 1900 1358 1961 senatum
1343 1918 1428 1984 ip-

226 1988 367 2065 sum,
399 1991 700 2068 principem
714 1981 902 2048 salutis
919 1987 1224 2066 mentisque
1246 1989 1426 2068 publi—

226 2095 347 2150 cae,
384 2077 463 2150 vi,
502 2073 685 2150 caede,
721 2073 1096 2154 incendiisque
1119 2075 1423 2154 pervertite

226 2159 435 2222 sustulit
474 2161 611 2221 duas
643 2161 814 2238 leges,
856 2161 1068 2220 Aeliam
1098 2176 1153 2219 et
1190 2157 1428 2236 Fufiam,

221 2248 467 2308 maxime
484 2247 813 2328 reipublicae
828 2245 1084 2306 salutares
1101 2268 1117 2306 ε
1144 2245 1432 2307 censuram

174 2359 185 2370 ·
218 2335 494 2395 extinxit:
519 2333 951 2393 intercessionem
968 2336 1228 2393 removit:
1255 2330 1434 2413 auspi·

216 2421 317 2484 ·cia
333 2419 561 2481 delevit:
593 2418 870 2497 consules,
890 2418 1101 2480 sceleris
1127 2419 1203 2478 sui
1227 2419 1434 2494 socioe,

220 2507 475 2584 aerario,
512 2507 841 2590 provinciis,
881 2509 1126 2570 exercitu
1157 2506 1429 2568 armavi&

764 2596 821 2653 K
868 2613 904 2657 2
