1717 3075
417 170 770 229 ARCHIA
806 170 1127 229 POETA.
1306 184 1376 229 21

177 265 660 343 tratumeffigiem
685 284 881 323 nonne
900 265 1079 323 multo
1102 262 1269 325 malle
1289 265 1385 327 de-

169 351 628 427 ·bemu8‚summis
649 352 887 428 ingeniis
902 348 1197 429 exprefl'am
1214 368 1269 411 et
1283 373 1388 431 po-

175 438 386 499 litam?
409 458 514 515 ego
538 457 674 495 vero
698 440 907 511 omnia,
936 454 1077 515 quae
1106 440 1383 515 gerebam,

176 525 296 604 jam
315 540 442 583 *tum
458 528 516 582 in
535 522 776 600 gerendo
791 520 1035 600 spargere
1044 542 1137 581 me
1152 522 1389 585 aedilre-

179 614 404 671 minare
417 610 721 668 arbitrabar
737 610 796 665 in
811 608 964 665 orbis
981 624 1155 668 terrae
1170 628 1387 672 memo·

179 699 324 757 riam
341 694 746 775 (empiternam.
790 696 925 752 haec
942 714 1072 754 vero
1088 694 1197 754 live
1210 718 1240 756 a
1256 716 1389 758 meo

181 781 343 843 sensu
371 780 494 861 post
513 796 750 839 mortem
773 778 1026 839 abfutura
1042 778 1138 855 est,
1162 780 1293 857 five,
1321 798 1389 845 ut

179 867 556 950 fipientissimi
577 868 830 925 homines
855 881 1214 943 putaverunt,
1238 868 1305 927 ad
1326 890 1385 929 a·

181 954 401 1035 liqugm
437 954 608 1013 animi
643 954 750 1011 mei
789 966 1000 1032 partem
1046 955 1339 1033 pertinebit
1364 976 1385 1017 ε

181 1061 344 1102 nunc
365 1037 588 1119 quidem
601 1052 750 1098 certe
763 1040 1105 1116 cogitatione
1124 1040 1385 1121 quadam,

181 1126 390 1209 speque
403 1124 663 1185 delector.
697 1144 869 1205 quare
882 1123 1297 1205 conservate,Ju
1302 1127 1385 1188 di-

181 1234 303 1290 ces,
333 1214 618 1273 hominem
641 1211 854 1293 pudore
866 1232 958 1288 eo,
987 1232 1151 1292 quem
1176 1216 1385 1275 amico·

179 1320 312 1362 rum
333 1298 534 1361 videtis
561 1300 913 1379 comprobari
940 1312 1060 1358 tum
1090 1299 1387 1377 dignitate,

182 1400 306 1447 tum
316 1389 484 1446 etiam
497 1384 800 1446 venustate:
817 1386 1047 1465 ingenio
1062 1400 1245 1447 autem
1258 1400 1387 1447 tan·

175 1486 550 1553 to,quantum
563 1470 620 1533 id
635 1474 905 1533 convenit
917 1468 1386 1553 existimari,quod

184 1560 528 1622 summorum
561 1560 854 1620 hominum
892 1559 1132 1636 ingeniis
1171 1561 1385 1640 expeti·

175 1663 307 1708 tum
338 1645 444 1708 effi:
470 1644 745 1719 videatis;
769 1643 929 1706 causa
943 1665 1079 1706 vero
1092 1644 1387 1723 ejusmodi,

173 1753 328 1815 quae
342 1732 614 1794 beneficio
635 1731 795 1811 legis,
811 1733 1135 1792 auctoritate
1148 1734 1387 1794 munici-

177 1823 291 1902 pii,
319 1819 638 1880 testimonio
667 1819 907 1896 Luculli,
939 1817 1142 1879 tabulis
1172 1819 1385 1879 Metelli

181 1908 602 1987 comprobetur.
649 1925 790 1986 quae
809 1926 937 1966 cum
960 1906 1039 1964 ita
1066 1903 1223 1968 lint·-
1241 1908 1383 1985 peti·-

183 2014 314 2054 mus
345 2015 378 2053 a
399 1991 584 2065 vobis,
607 1992 855 2068 judices,
877 1990 917 2052 fi
938 2011 1050 2070 qua
1071 2009 1189 2052 non
1214 1993 1385 2054 modo

182 2084 456 2154 humana,
492 2098 684 2137 verum
711 2080 878 2138 etiam
909 2076 1101 2138 divina
1130 2079 1190 2137 in
1212 2080 1383 2141 tantis

185 2167 432 2244 negotiis
447 2163 853 2224 commendatio
876 2162 1039 2223 debet
1066 2161 1205 2224 effe:
1242 2179 1306 2224 ut
1326 2187 1386 2226 e·

181 2269 308 2328 um,
338 2252 438 2332 qui
464 2271 600 2325 vos,
638 2252 736 2330 qui
763 2247 973 2312 vestros
1002 2252 1384 2330 imperatores,

185 2342 283 2420 qui
298 2335 494 2419 populi
518 2339 758 2398 Romani
779 2357 869 2395 res
882 2333 1053 2414 gestas
1069 2335 1274 2417 semper
1290 2357 1385 2398 or·

183 2427 376 2486 navitz
401 2424 498 2505 qui
521 2425 686 2484 etiam
715 2425 798 2483 his
828 2424 1137 2483 recentibus
1160 2422 1387 2500 nostris,

187 2509 479 2594 vestrisque
499 2507 804 2572 domesticis
824 2508 1079 2592 periculis
1102 2523 1385 2570 aeternum
