1717 3075
393 176 505 232 292
676 156 1056 215 conano
1109 156 1294 215 PRO

388 273 563 330 retur,
593 247 693 315 nifi
706 252 1044 335 quievissem,
1075 254 1308 313 Siciliam
1323 253 1510 333 petivi
1533 262 1624 314 a:

386 346 568 417 nimo,
600 362 740 421 quae
766 339 956 419 etipsa
979 354 1102 401 erat
1123 341 1280 413 mihi,
1313 338 1454 399 ficut
1487 342 1597 401 do·

386 450 511 491 mus
532 448 681 502 una,
716 427 1050 503 conjuneia:
1083 442 1138 485 et
1168 428 1540 489 obtinebatur
1565 449 1600 489 a

390 522 459 575 C.
480 514 745 593 Virgilio,
766 532 1038 593 quo-cum
1053 535 1138 573 me
1159 514 1384 575 uno-,vel
1405 518 1598 574 maxi·

376 622 478 667 me
492 603 614 663 cum
637 599 846 661 vetusta
862 602 1118 673 amicitia,
1135 604 1251 659 t‘um
1269 603 1379 659 mei
1393 600 1598 663 fratris

386 688 642 766 collegia,
680 702 797 746 tum
820 684 1118 765 respublica
1139 685 1392 746 sociarat.
1457 688 1598 747 vide

384 795 538 834 nunc
558 764 847 850 caliginem
867 788 1174 851 temporum
1187 771 1432 831 illorum.
1459 795 1604 834 cum

386 860 502 943 ipsa
530 864 673 939 peni:
696 857 870 917 insula
897 861 1032 917 mihi
1055 856 1159 917 sese
1187 861 1413 917 obviam
1441 859 1599 919 ferre

384 945 576 1022 vellet,
596 961 814 1026 praetor
828 944 919 1004 ille
929 943 1169 1025 ejusdem
1187 946 1396 1003 tribuni
1413 946 1600 1023 plebis

384 1035 752 1099 concionibus
776 1047 1001 1110 propter
1021 1031 1244 1089 eandem
1261 1032 1603 1110 reipublicae„

385 1118 599 1181 causam
618 1117 769 1197 saepe
791 1133 1050 1190 vexatuS,
1071 1118 1210 1177 nihil
1235 1119 1474 1196 amplius
1509 1119 1595 1179 di-

386 1228 481 1279 co,
516 1204 613 1267 nifi
639 1226 737 1264 sne
776 1207 836 1266 in
876 1204 1120 1273 Siciliam
1149 1206 1340 1263 venire
1375 1205 1590 1266 uoluit.

384 1293 523 1372 quid
538 1292 743 1354 dicam?
764 1298 828 1350 C.
852 1290 1118 1366 VirgffiO,
1132 1290 1226 1349 tali
1239 1293 1350 1350 civi
1365 1306 1422 1349 et
1435 1294 1596 1368 viro,

386 1381 825 1439 benevolentiam
852 1379 913 1435 in
935 1398 1048 1452 me,
1083 1379 1408 1437 memoriam
1427 1399 1590 1439 oom-

386 1468 639 1525 munium
657 1482 991 1543 temporum,
1016 1465 1295 1541 pietatem,
1323 1467 1588 1525 humani-
1690 1508 1691 1512 ,

387 1567 583 1626 tatem,
602 1552 763 1612 fidem
780 1549 1030 1610 defuisse?
1064 1551 1225 1625 nihil,
1246 1551 1500 1627 Judices‚
1515 1552 1590 1612 est

385 1659 616 1700 eorum:
644 1639 753 1711 sed,
778 1659 944 1716 quam
966 1635 1329 1717 tempestatem
1355 1659 1464 1698 nos
1477 1661 1586 1700 -vo-
1688 1653 1689 1685 ¹

383 1725 589 1788 hiscum
616 1747 733 1785 non
765 1722 1084 1797 tuliffemuS,
1123 1727 1340 1799 metuit,
1378 1740 1441 1784 ut
1463 1747 1584 1786 eam

384 1811 497 1891 ipst·
536 1811 708 1891 poffet
744 1814 942 1890 opibus
983 1809 1090 1870 suis
1129 1808 1401 1871 sustinere.
1465 1827 1582 1872 tum
1685 1773 1688 1856 i

381 1897 619 1958 confilio
644 1913 866 1977 repente
889 1912 1128 1973 mutato,
1157 1899 1262 1956 iter
1289 1917 1324 1956 a
1354 1899 1584 1960 Vibone

383 1983 745 2049 Brundufium
761 1999 910 2044 terra
925 1999 1104 2063 petere
1119 1982 1404 2045 contendi.
1453 2006 1582 2045 nam

378 2073 693 2132 maritimos
730 2069 920 2130 cursus
963 2069 1342 2150 praecludebat
1385 2073 1580 2132 hiemis

383 2156 732 2234 magnitudo.
867 2163 1010 2216 Cum
1025 2157 1213 2216 omnia
1227 2156 1322 2216 illa
1343 2160 1577 2218 munici-
1593 2175 1636 2223 4¹
1681 2185 1683 2195 =

384 2245 498 2323 pia,
520 2263 661 2323 quae
681 2241 811 2302 sunt
830 2265 864 2302 a
878 2243 1100 2302 Vibone
1116 2242 1500 2319 Brundusium,
1519 2247 1578 2306 in

384 2327 495 2414 fifie
514 2350 653 2404 mea,
684 2328 929 2404 Judices,
959 2328 1128 2389 effent
1145 2352 1164 2402 ;
1197 2332 1302 2390 iter
1323 2331 1458 2389 mihi
1489 2346 1578 2391 tu·

385 2428 529 2489 tum,
564 2415 751 2474 multis
782 2417 1190 2490 minitantibus,
1229 2437 1434 2494 magno
1454 2438 1582 2478 cum
1677 2421 1679 2426 ’

370 2495 485 2560 suo
500 2514 646 2562 metu
661 2500 1063 2586 praestiterunt.
1109 2501 1472 2568 Brundusium
1487 2523 1578 2566 ve·
1675 2559 1677 2568 .
