1717 3075
417 180 1068 253 cN.‚1³L:ANc·10.
1225 198 1368 264 293.

134 285 228 360 ni,
252 280 341 344 vel
354 285 543 364 potius
568 282 637 353 ad
658 284 878 343 moenia
901 280 1104 342 acceffi.
1151 284 1342 344 urbem

135 390 309 432 unam
334 374 464 430 mihi
490 371 852 430 amiciffimam
877 368 1170 443 declinavi,
1204 384 1350 448 quae

140 457 198 517 st
214 457 299 516 vel
318 460 503 537 potius
518 456 783 530 exscindi,
816 460 982 534 quam
1015 476 1046 514 e
1069 454 1165 515 suo
1190 476 1346 516 com·

140 543 311 624 plexu
348 560 408 603 ut
438 547 695 623 eriperer,
734 543 896 601 facile
928 556 1221 622 pateretur.
1281 545 1347 603 in

138 634 343 689 hortos
368 634 453 689 me
479 636 563 689 M.
587 632 747 689 Lenii
771 629 952 689 Flacci
973 629 1218 688 contuli:
1252 632 1348 713 cui

140 718 479 777 cum'omnis
494 731 693 791 metus,
719 716 1016 795 publicatio
1040 717 1344 793 bonorum,

140 804 397 875 exilium,
420 823 571 861 mors
596 816 1022 883 proponeretur,
1055 803 1188 861 haec
1216 824 1346 881 per-

146 892 283 969 peti,
303 888 341 947 fi
356 889 685 960 acciderent,
701 888 916 963 maluit,
933 908 1097 967 quam
1115 887 1352 949 custodi*

149 979 241 1034 ath
262 978 370 1034 mei
386 978 583 1056 capitis
600 975 896 1034 dimittere.
945 975 1108 1051 hujus
1127 993 1264 1075 ego,
1291 988 1350 1034 et

148 1065 391 1142 parentis
408 1062 868 1141 ejus,prudent1ss'
875 1082 950 1119 mi
967 1076 1132 1149 atque
1149 1063 1351 1139 optimi

146 1146 317 1221 striis,
352 1164 407 1207 et
430 1146 707 1226 utriusque
730 1148 969 1207 filiorum
987 1142 1301 1223 manibus,
1287 1165 1353 1207 m

148 1236 283 1293 navi
300 1249 417 1293 tuta
432 1255 495 1292 ac
511 1230 655 1293 fideli
686 1233 1011 1306 collocatuS,
1045 1246 1358 1313 eorumque·

148 1340 339 1397 preces
362 1337 417 1379 et
434 1335 565 1381 vota
580 1321 647 1379 de
669 1341 795 1379 meo
820 1320 994 1379 reditu
1023 1320 1356 1397 exaudiens,

148 1410 544 1483 Dyrrachium,
576 1407 726 1485 quod
743 1420 857 1464 erat
882 1408 941 1465 in
957 1405 1064 1464 fide
1080 1426 1217 1480 mea,
1250 1426 1348 1485 pe·

148 1506 267 1552 tere
284 1493 569 1556 contendi.
619 1496 739 1576 quo
757 1514 880 1554 cum
899 1492 1179 1566 venissem,
1216 1504 1354 1571 cog-⁶

149 1581 315 1654 novi,
353 1580 411 1641 id
446 1581 596 1660 quo‘d
628 1582 926 1655 audieram,
963 1579 1215 1638 refertam
1247 1576 1352 1638 effe

152 1668 444 1725 Graeciam
482 1666 995 1726 sceleratissimorum
1035 1669 1351 1740 hominum,

150 1771 219 1811 ac
232 1745 586 1827 nefariorum,
614 1739 852 1832 quorum
877 1754 1103 1830 impium
1120 1752 1351 1828 ferrum,

149 1835 414 1918 ignesque
437 1839 715 1918 pestiferos
746 1859 898 1898 meus
922 1839 1012 1896 ille
1035 1837 1351 1897 consulatus

150 1945 197 1984 e
210 1927 469 1984 manibus
481 1925 821 1984 extorserat.-
844 1927 940 2003 qui
965 1939 1256 2002 antequam
1281 1924 1352 1983 de

150 2029 283 2070 meo
300 2009 539 2070 adventu
558 2012 747 2070 audire
761 2009 1078 2090 potuissent,
1092 2031 1214 2068 cum
1233 2025 1353 2069 tum
1419 2070 1426 2078 ,

154 2095 397 2156 abessbnt
420 2098 633 2177 aliquot
652 2091 865 2155 dierum
886 2098 1052 2169 viam,
1079 2099 1137 2153 in
1164 2102 1352 2154 Mace·

158 2183 411 2258 doniam,
442 2184 510 2242 ad
542 2185 934 2260 Planciumque
965 2183 1198 2259 perrexi.
1265 2184 1354 2240 bie

156 2290 298 2330 vero
314 2268 467 2328 fimul
488 2285 653 2349 atque
672 2289 761 2329 me
782 2287 930 2326 mare
961 2265 1198 2326 tranfifse
1220 2287 1357 2344 cog·

158 2357 347 2416 novit.
374 2355 522 2430 audi,
557 2356 704 2430 audi,
726 2365 894 2434 atque
909 2353 1152 2426 attende,
1188 2359 1355 2412 Late·

158 2439 353 2516 renfis,
384 2457 447 2499 ut
478 2440 632 2517 seiae,
667 2442 798 2522 quid
828 2459 932 2518 ego
957 2440 1178 2498 Plancio
1193 2437 1369 2499 debe·

158 2545 275 2606 aun,
306 2527 711 2609 confiteareque
734 2519 1054 2605 aliquando,
1085 2525 1248 2608 quod
1273 2509 1438 2586 fa·-
