1717 3075
352 165 465 225 280
638 168 689 222 0
707 166 757 221 R
778 169 827 222 A
848 164 908 220 T
925 166 952 221 1
971 168 1020 223 Ο
1067 164 1108 221 Ρ
1127 164 1176 219 R
1195 166 1269 220 0*

347 265 579 333 tionem,
617 252 789 339 qnam'
806 281 912 339 ego
936 274 1052 319 non
1075 258 1248 318 modo
1267 278 1378 339 pro
1409 257 1564 321 fitiu-

349 364 545 422 tetua,
579 346 669 406 fed
696 350 865 407 etiam
895 367 1002 426 pro
1027 345 1295 421 dignitate
1323 344 1556 423 defiage-

350 435 495 493 rem?
520 453 634 511 quo
650 433 870 511 quidem
885 434 1049 490 etiam
1063 433 1236 506 magis
1259 429 1405 503 sum,
1433 453 1560 491 non

350 520 532 580 dicam
546 516 724 591 miser,
748 516 907 586 (nam
922 521 1030 577 hoe
1045 516 1270 596 quidem
1284 519 1562 577 abhorret

354 627 387 665 a
414 608 619 664 virtute
642 606 902 677 verbum)
937 602 1026 661 sed
1055 618 1198 661 certe
1227 604 1517 662 exercitus
1537 624 1556 662 t

355 711 477 750 non
492 693 623 767 quia
636 688 827 747 multis
843 690 1042 760 debeo;
1068 686 1188 747 leve
1203 688 1358 746 enim
1377 709 1560 763 Onna,

349 769 837 851 beneficii'gratiat
871 773 960 833 sed
983 776 1114 852 quia
1135 772 1290 851 saepe
1313 794 1566 834 concur-

352 863 427 921 rit
441 876 667 941 propter
690 860 1000 939 aliquorum
1018 859 1086 917 de
1115 879 1204 917 me
1225 862 1570 921 meritonam

354 949 501 1007 inter
515 945 671 1027 ipsos·
688 947 1103 1017 contentiones,
1123 960 1188 1003 ut
1201 944 1408 1004 eodem
1425 961 1568 1006 tem·

355 1054 493 1113 pore
507 1036 569 1091 in
584 1052 777 1091 omnes
794 1052 982 1091 verear
999 1050 1070 1089 ne
1083 1032 1183 1089 vix
1205 1031 1406 1109 possim
1438 1036 1572 1109 grai·

318 1192 323 1199 .
354 1134 447 1178 tus
463 1116 661 1179 videri.
706 1116 792 1181 sed
812 1138 917 1193 ego
939 1120 1046 1175 hoe
1058 1118 1197 1175 meis
1213 1116 1572 1196 ponderibus

354 1206 708 1275 examinabo,
731 1224 855 1261 non
877 1201 1050 1261 solum
1079 1202 1212 1280 quid
1235 1204 1448 1281 cuique
1471 1204 1576 1265 de-

358 1291 539 1365 beam,
552 1287 640 1347 sed
652 1292 813 1347 etiam
829 1288 963 1366 quid
979 1286 1240 1366 cujusque
1253 1288 1576 1365 interfit,et

356 1376 494 1454 quid
510 1397 541 1434 a
562 1396 651 1435 me
672 1373 934 1452 cujusque
957 1392 1170 1450 tempus
1187 1375 1404 1453 poscat.
1483 1383 1566 1435 A·
1593 1406 1637 1450 33

358 1463 509 1538 gitur
528 1460 757 1519 studium
772 1476 952 1532 tuum,
967 1458 1056 1519 vel
1069 1461 1254 1531 etiam,
1271 1458 1314 1519 fi
1329 1464 1452 1531 vis,
1465 1482 1586 1540 ex·-

356 1547 637 1620 mimano,
661 1547 801 1620 laus,
832 1545 1120 1606 aedilitast·
1132 1561 1192 1604 at
1201 1553 1328 1606 Cn.
1347 1547 1580 1608 Pl'ancii

355 1631 523 1706 sakan,
536 1634 733 1712 patria,
754 1633 1032 1692 fortunaec
1077 1630 1284 1691 salvum
1301 1649 1362 1692 tu
1375 1653 1476 1693 me
1487 1632 1576 1694 es·

357 1718 413 1779 se
432 1717 641 1798 cupisti:
672 1720 763 1777 hic
778 1718 907 1776 fecit
921 1720 1108 1790 etiam,
1125 1731 1188 1776 ut
1201 1716 1306 1776 effe
1327 1719 1576 1798 poss'eme

358 1803 617 1864 distineor
640 1819 841 1877 tamen,
865 1817 922 1861 et
943 1802 1176 1862 divellor
1189 1802 1411 1880 dolore,
1427 1809 1570 1865 etin

356 1889 513 1950 causa
534 1887 729 1967 disp'ari
745 1887 956 1948 offendi
973 1905 1027 1947 te
1043 1909 1074 1946 a
1089 1909 1199 1962 me,
1217 1888 1386 1949 doleo
1403 1913 1424 1950 t
1447 1890 1572 1966 sed,-

357 1973 571 2038 medius
600 1975 786 2050 fidius,
816 1975 996 2034 multo
1017 1975 1180 2034 eitius
1214 1994 1394 2036 meam
1419 1975 1565 2036 salu-

360 2076 473 2122 tem
502 2081 605 2140 pro
634 2076 689 2120 te
711 2061 990 2136 objecere,
1021 2081 1188 2139 quam
1205 2065 1320 2120 Cn.'
1341 2060 1562 2122 Planeii

355 2144 583 2206 salutem
598 2146 874 2206 tradidero
891 2148 1245 2206 contentioni
1261 2160 1414 2206 tuae.
1441 2162 1558 2206 ene-

356 2233 499 2308 nim‚
537 2231 780 2307 judices,
808 2232 934 2291 cuim
957 2233 1218 2292 omnibus
1253 2233 1566 2292 virtutibus

354 2337 445 2377 me
466 2315 713 2376 affestmn
726 2315 829 2376 effe
844 2319 1080 2396 cupiam,
1099 2331 1286 2376 tamen
1303 2318 1446 2376 nihil
1461 2317 1566 2394 est;

352 2402 508 2477 quod
522 2400 730 2474 malim,
754 2422 920 2478 quam
944 2423 1032 2462 me
1043 2417 1098 2460 et
1112 2417 1328 2478 gratum
1345 2401 1473 2479 effe,
1493 2421 1565 2464 eb

350 2482 551 2546 videti.
568 2538 575 2544 .
595 2485 827 2549 haeeest
840 2489 989 2550 enim
1003 2507 1112 2548 una
1125 2489 1310 2550 uirtus
1327 2509 1452 2551 non
1467 2487 1566 2552 sos
