1717 3075
580 178 1150 235 nomosuA.
1380 174 1519 250 ες,

256 272 520 357 plurima,
549 268 1003 353 periculofiffima,
1024 274 1285 347 maxima,
1316 288 1463 331 terra

261 363 515 439 marique
536 357 678 417 bella
698 372 857 417 extra
890 356 1141 417 ordinem
1173 357 1277 417 effe
1306 379 1461 419 com-

263 444 421 507 miffa
439 468 458 504 ε
481 464 714 523 quarum
727 462 909 502 rerum
922 442 963 501 fi
976 464 1140 521 quem
1158 446 1464 523 poeniteat,

265 532 670 593 eumvietoriae
691 530 883 609 populi
908 530 1143 588 Romani
1158 532 1464 610 poenitere.
1539 591 1543 596 ,

269 638 396 681 non
411 618 490 677 ita
504 632 687 675 tecum
699 634 828 693 ago.
876 636 1003 673 cum
1030 616 1119 675 his
1150 620 1283 676 haec
1313 636 1347 674 a
1376 635 1467 675 me

267 705 458 765 haberi
481 705 664 763 oratio
685 700 887 781 potest,
920 702 1029 779 qui
1052 702 1136 759 ita
1162 701 1465 779 disputant,

269 788 352 865 se,
373 788 414 848 fi
443 809 552 868 qua
577 808 660 847 res
683 786 752 846 ad
775 807 948 845 unum
964 786 1255 847 deferenda
1278 786 1372 861 fit,
1396 786 1469 846 ad

273 882 392 937 Cn.
431 876 750 953 Pompeium
779 872 1059 948 delaturos
1097 873 1427 952 potissimum
1446 892 1470 931 a

271 960 372 1022 sed
385 959 439 1020 se
452 976 609 1019 extra
623 958 874 1017 ordinem
894 958 1030 1017 nihil
1043 960 1297 1038 cuiquam
1314 958 1475 1019 daret.

273 1066 408 1107 cum
421 1045 686 1125 Pompeio
708 1044 897 1103 datum
912 1042 997 1119 fit,
1015 1044 1071 1103 id
1094 1043 1263 1123 se'pro
1285 1045 1475 1122 digni-

273 1148 392 1195 tate
413 1133 654 1191 hominis
671 1150 871 1190 ornare
892 1152 957 1191 ac
971 1132 1113 1189 tueri
1134 1130 1323 1192 solere.
1369 1135 1477 1191 ho-

274 1240 406 1281 rum
421 1238 526 1295 ego
539 1216 864 1276 sententiam
890 1236 963 1275 ne
984 1216 1217 1292 laudem,
1246 1218 1479 1297 impedi·-

277 1327 352 1367 οι·
375 1312 486 1364 Cn.
511 1304 752 1383 Pompeii
783 1304 1109 1383 triumphis:
1136 1305 1333 1383 quibus
1362 1302 1479 1378 ille,

280 1412 410 1453 cum
433 1389 557 1451 effet
575 1405 730 1449 extra
745 1388 998 1449 ordinem
1029 1389 1098 1448 ad
1126 1390 1357 1467 patr-iam
1386 1388 1481 1447 de·

281 1476 614 1540 fendendam
630 1490 883 1549 vocatus,
906 1477 1061 1534 auxit
1081 1494 1285 1534 nomen
1301 1493 1482 1554 popu-

283 1563 328 1624 li
347 1565 1005 1642 Romani,imperiumque
1017 1560 1484 1624 honestavitzcom

285 1648 544 1711 stantiam
565 1652 766 1729 probo,
789 1669 899 1727 qua
920 1649 1053 1706 mihi
1072 1667 1295 1729 quoque
1315 1663 1481 1708 uteu-

285 1735 420 1798 dum
437 1735 562 1810 suit,
591 1755 706 1814 quo
719 1733 810 1792 ille
823 1739 1044 1794 auetore
1056 1749 1213 1793 extra
1227 1733 1483 1794 ordinem

288 1821 494 1884 bellum
507 1842 630 1880 cum
645 1819 989 1896 Mithridate,
997 1821 1354 1897 Tigraneque
1368 1817 1484 1898 ges·

287 1907 378 1970 fit.
425 1905 514 1967 sed
537 1927 665 1966 cum
693 1907 804 1964 inis
833 1920 1017 1965 tamen
1042 1903 1253 1986 poss'um
1274 1904 1484 1984 aliquid

290 1992 587 2074 disputare.
619 2008 714 2052 tua
728 2011 863 2051 vero
877 2012 1015 2070 qnae
1030 2007 1180 2052 tanta
1194 1991 1486 2071 impuden-

289 2082 371 2140 tia
394 2079 488 2153 est,
523 2094 584 2138 ut
597 2079 796 2139 audeas
816 2076 1014 2153 dicere,
1044 2093 1200 2136 extra
1230 2075 1487 2138 ordinem

289 2166 415 2226 dari
429 2165 568 2224 nihil
583 2166 836 2242 cuiquam
851 2164 1134 2243 oportere?
1154 2166 1249 2241 qui
1265 2182 1391 2222 cum
1404 2162 1486 2222 le·

291 2271 364 2331 ge
401 2250 604 2310 nefaria
632 2250 1025 2323 Ptolemaeum,
1073 2269 1255 2326 regem
1286 2251 1485 2327 Cypri,

287 2339 524 2400 fratrem
555 2339 698 2414 regis
728 2334 1115 2406 Alexandrini,
1141 2334 1334 2394 eodem
1358 2337 1489 2411 jure

291 2438 624 2501 regnantem
629 2443 752 2497 ,cau
759 2423 818 2480 εέ,
833 2418 1488 2498 incognitaiffiublicaffes,

271 2509 676 2594 ,populumque
695 2515 1008 2572 Romanum
1038 2504 1229 2568 scelere
1256 2502 1494 2582 obligas«
