1717 3075
1029 0 1086 2 -v-
1103 0 1502 27 T-'“*“†-—'
1543 2 1574 4 ,.

491 152 1095 213 RESPONSIS.
1274 174 1380 233 2¹3

187 272 315 317 cem
331 272 452 315 non
469 250 724 333 aspicere,
748 273 930 313 carere
951 253 1195 334 publico,
1212 258 1389 315 minas

190 342 318 420 ejus
343 338 603 420 perferre,
633 360 755 399 cum
771 340 832 399 in
856 341 1225 400 concionibus
1242 341 1388 403 dice·

189 442 305 501 ret,
319 426 462 485 velle
475 424 527 493 se
542 427 604 485 in
621 426 842 485 Carinis
857 426 1143 485 aedificare
1164 427 1387 489 alteram

189 515 637 595 porticum,quae
653 511 863 571 Palatio
879 512 1253 593 responderet;
1272 534 1387 573 cer·

189 615 252 659 te
267 601 402 658 mihi
417 600 568 657 exire
581 597 750 657 domo
767 598 979 671 mea,ad
994 602 1269 679 privatum
1286 599 1387 659 do·

189 686 372 746 lorem
399 684 506 745 fuit
533 684 860 757 luc'tuosum,
890 684 957 744 ad
981 689 1251 745 rationem
1282 688 1387 745 rei-

111 785 174 833 24
189 771 441 855 publicae
455 768 775 850 gloriosum.
846 764 1067 831 Videtis
1084 772 1269 849 igitur,
1286 776 1387 833 ho·

111 867 116 873 '
187 862 398 921 minem
418 879 513 938 per
528 854 1089 938 seipsumjampridem
1115 857 1388 933 afflictum,

189 966 258 1005 ac
275 947 571 1023 jacentem,
590 942 905 1023 perniciosis
921 946 1267 1021 optimatium
1282 944 1388 1005 dis·

191 1032 402 1091 cordiis
417 1030 667 1090 excitari:
693 1029 852 1107 cujus
869 1030 1026 1088 initia
1042 1026 1265 1103 furoris,
1282 1030 1388 1091 dis·

190 1116 532 1178 senfionibus
554 1134 768 1191 eorum,
797 1118 895 1193 qui
918 1128 1037 1173 tum
1061 1136 1093 1173 a
1120 1119 1283 1177 vobis
1306 1116 1387 1178 se·

183 1204 372 1283 juneti
383 1203 731 1275 videbantur,
757 1198 1045 1260 sustentata
1068 1199 1213 1263 sunt.
1262 1204 1388 1263 reli·

189 1307 308 1370 qua
323 1290 439 1367 jam
473 1290 890 1369 praecipitantis
911 1289 1247 1363 tribunatsss,
1283 1294 1389 1349 eti·

189 1396 286 1436 am
315 1374 434 1454 post
463 1376 830 1447 tribunatum,
866 1376 1258 1433 obtrectatores
1288 1396 1387 1435 eo·

188 1468 340 1536 rum,
363 1476 526 1542 atque
549 1460 838 1521 adversarii
860 1458 1241 1519 defenderunt:
1267 1482 1337 1521 ne
1354 1484 1387 1523 a

188 1549 470 1630 republica
483 1547 809 1628 reipublicae
823 1545 983 1627 pestis
994 1565 1388 1626 removeretur,

188 1634 525 1698 restiterunt:
543 1635 801 1709 etiam,ne
817 1630 1027 1692 causam
1044 1634 1265 1694 diceret:
1284 1638 1387 1694 eti·-
1442 1626 1449 1634 ’

183 1741 307 1797 am,
343 1741 414 1780 ne
445 1723 694 1800 privatus
725 1718 875 1780 effet.
913 1720 1157 1780 etiamne
1178 1723 1237 1780 in
1268 1719 1386 1781 finu

189 1823 364 1887 atque
387 1809 446 1866 in
468 1806 676 1867 deliciis
698 1806 919 1887 qnidam
942 1809 1141 1888 optimi
1162 1808 1275 1866 viri
1299 1810 1386 1868 vi·

189 1907 382 1977 'peram
413 1893 557 1953 illam
588 1909 943 1967 venenatam,
988 1913 1051 1951 ac
1090 1892 1388 1972 pestiferam

190 1983 393 2041 habere
422 1979 766 2060 potuerunt?
797 1999 915 2058 quo
940 1978 1157 2038 tandem
1173 1980 1389 2060 decepti

180 2067 450 2128 munere?
462 2067 616 2140 volo,
631 2068 917 2145 inquiunt,
928 2063 1050 2137 effe,
1062 2067 1231 2144 quiin
1247 2087 1387 2126 con-

177 2155 356 2214 ’cione
371 2153 620 2212 detrahat
635 2151 705 2212 de
723 2155 1005 2231 Pompeio.
1052 2153 1299 2211 detrahat
1318 2151 1385 2211 il-

176 2239 239 2308 ie
262 2239 630 2319 vituperando
653 2241 672 2296 ?
697 2238 885 2311 velim,
910 2237 977 2296 fic
1002 2241 1107 2298 hoc
1132 2241 1218 2297 vir
1242 2238 1387 2296 sum·

175 2346 334 2402 mus„
373 2342 538 2405 atque
573 2328 778 2405 optime
808 2324 877 2383 de
898 2344 1018 2381 mea
1040 2321 1205 2383 salute
1226 2326 1387 2383 meri-

171 2429 301 2488 tus,
322 2415 578 2492 accipiat,
601 2428 661 2471 ut
677 2433 707 2470 a
723 2431 807 2470 me
821 2411 1043 2470 dicitur:
1070 2409 1245 2468 dicam
1262 2411 1387 2490 qui-

178 2499 313 2563 'dem
329 2515 500 2578 certe,
523 2496 891 2580 quod-sentio.
924 2497 1080 2575 mihi,
1093 2495 1306 2557 medius
1325 2495 1392 2572 fi-
