1717 3075
331 126 450 171 220
562 108 677 167 DE
715 101 1311 165 HARUSPICUM

329 224 518 285 reget,
547 205 644 283 qui
677 216 858 276 erant,
890 198 1173 259 vendidit:
1198 199 1298 278 qui
1330 215 1461 257 non
1498 214 1567 255 e-

331 308 482 365 rant,
505 288 824 370 appellavit:
849 292 961 347 Cn.
981 288 1311 366 Pompeium
1326 287 1411 359 vi,
1436 282 1561 343 fer·

331 398 423 453 ro,
445 377 672 437 domum
688 372 981 453 compulit:
1004 374 1405 452 imperatorum
1422 388 1559 429 mo-

329 476 602 527 numenta
645 461 846 521 evertit
872 482 890 518 =
938 460 1295 519 inimicorum
1335 456 1557 518 domos

333 548 655 609 disturbavit
673 568 692 605 z
719 544 911 607 vestris
926 546 1307 607 monumentis
1332 562 1559 603 nomen

332 633 492 696 suum
537 630 828 715 inscripsit.
891 630 1111 693 infinita
1149 630 1275 693 sunt
1312 629 1557 705 scelera,

332 742 475 803 quae
491 722 557 779 ab
573 718 674 779 illo
689 721 748 777 in
765 719 999 798 patriam
1022 718 1149 779 sunt
1164 716 1334 778 edita.
1379 716 1553 799 quid,

329 827 475 887 quae
489 807 550 865 in
568 802 812 883 singulos
829 806 1003 879 eiveS,
1015 824 1164 889 quus
1182 805 1438 865 necavit?
1458 803 1551 863 so-

313 896 477 966 wios,
502 912 647 973 quos
678 890 953 971 diripuit?
978 892 1365 971 imperatores,
1388 910 1549 971 qnos

329 978 607 1061 prodidit?
633 978 937 1051 exercitus,
953 997 1097 1056 quos
1114 978 1381 1037 tentavit?
1404 977 1551 1057 quid

331 1086 470 1125 vero
493 1065 514 1123 ?
540 1084 626 1139 ea,
658 1079 871 1143 quanta
891 1061 1043 1139 sunt,
1064 1064 1277 1143 quaein
1294 1061 1479 1143 ipsum
1494 1064 1549 1125 se

328 1149 556 1223 scelera;
581 1151 797 1230 quaein
813 1146 941 1209 suos
965 1148 1173 1210 edidit?
1200 1148 1329 1228 quis
1348 1151 1545 1213 minus

331 1256 580 1317 unquam
603 1237 848 1317 pepercit
864 1234 1099 1295 hostium
1124 1233 1338 1311 castrh,
1368 1239 1545 1316 quim

329 1322 426 1383 ille
441 1324 700 1383 omnibus
718 1324 973 1404 corporis
989 1320 1067 1381 sui
1084 1322 1364 1403 partibus?
1396 1342 1545 1402 quae

329 1412 494 1471 navis
534 1428 780 1487 unquam
815 1410 882 1467 in
908 1408 1139 1468 flumine
1168 1408 1393 1489 publico
1424 1424 1543 1471 tam

329 1495 555 1574 vulgata
569 1497 796 1556 omnibu
804 1515 828 1556 s
834 1539 854 1570 ‚
872 1498 1045 1575 quiem
1064 1492 1216 1554 istius
1234 1508 1383 1554 aetas
1396 1494 1539 1556 fuit?

332 1585 460 1662 quis
492 1602 734 1661 unquam
766 1601 943 1662 nepos
978 1597 1089 1642 tam
1110 1579 1277 1641 libere
1304 1580 1379 1642 est
1408 1603 1541 1644 cum

329 1666 548 1744 scortis„
577 1687 741 1748 quam
764 1670 854 1726 hic
876 1689 1005 1728 cum
1032 1665 1338 1743 sororibus,
1367 1669 1541 1728 volu-·

329 1755 678 1835 tatus?quam
693 1753 932 1832 denique
948 1769 1061 1814 tam
1075 1756 1371 1814 immanem
1388 1757 1535 1814 Cha·

331 1841 552 1924 rybdim
584 1839 1068 1921 poeitae-fingendo
1100 1843 1407 1920 exprimere
1429 1861 1532 1920 po·

331 1943 580 2002 tuerunt,
603 1947 745 2008 quae
777 1929 1276 1987 tantosexhaurire
1290 1928 1536 2004 gurgites

332 2011 530 2096 poffet,
565 2028 800 2092 quantas
824 2011 919 2072 iste
940 2013 1365 2092 Byzantiorum,
1396 2018 1535 2072 Bro-

331 2102 749 2180 gitarorumque
787 2098 1019 2180 praedas
1050 2096 1380 2158 exsorbuit?
1442 2113 1537 2160 aut

333 2203 452 2246 tam
471 2187 840 2246 eminentibus
858 2185 1087 2244 canibus
1112 2182 1374 2260 Scyllam,
1397 2198 1535 2244 tam·

329 2292 441 2352 que
451 2272 683 2349 jejunis,
707 2291 895 2351 quam,
917 2272 1117 2350 quibus
1133 2269 1291 2329 istum
1310 2269 1537 2348 viderie,

331 2357 549 2432 Gelliis,
577 2357 814 2430 Clodiis,
837 2357 1014 2416 Titiis
1040 2354 1233 2416 Rostra
1246 2352 1362 2435 ipsa
1376 2375 1533 2416 man·

326 2439 596 2503 dentem?
645 2461 838 2522 quare,
859 2439 918 2503 id
950 2440 1105 2522 quod
1126 2455 1437 2504 extremum
1458 2439 1529 2505 est
