1717 3075
466 172 785 253 DOMO
846 172 1054 231 SUA.
1249 189 1367 249 125¹

150 264 437 331 soli·causa
453 283 738 327 venerant.
770 266 829 326 id
853 282 1034 326 autem
1048 282 1110 327 ut
1123 266 1252 327 effet
1271 268 1354 329 fa-

150 354 433 429 ciendum,
457 371 575 415 non
596 353 950 432 ademptione
961 356 1249 430 'eivitatis3-
1263 353 1352 415 sed

153 444 305 516 teeti,
332 456 389 499 et
402 460 597 519 aquae,
628 456 684 499 et
699 440 849 517 ignis
860 439 1248 501 interdifflone
1270 440 1352 499 fa-

152 530 393 587 ciebant.
462 526 703 605 populus
744 532 1054 602 Romanus,
1097 534 1165 587 L.
1203 527 1352 605 sylla

152 612 423 673 dietatore
458 611 691 687 ferente,
728 612 972 671 comitiis
1001 615 1347 688 centuriatis,

148 698 471 779 municipiis
486 698 763 757 civitatem
778 697 980 755 ademit
1001 720 1017 756 ε
1043 698 1242 757 ademit
1258 698 1350 757 iis·

145 784 273 845 dem
290 802 477 861 agros.
524 782 593 842 de
608 784 755 861 agris
770 800 948 842 ratum
963 782 1058 843 ests
1079 784 1178 841 fuit
1195 788 1346 844 enim

144 870 342 951 populi
372 866 627 949 potestas.
674 868 743 929 de
764 869 1005 945 civitate,
1030 891 1100 931 ne
1130 871 1360 931 tamdiu·

142 957 375 1037 quidem
393 954 563 1015 valuit
569 953 858 1035 „quamdiu
874 956 968 1015 illa
984 955 1188 1034 Syllani
1208 972 1346 1031 tem-

144 1045 305 1123 poris
320 1062 471 1101 arma
494 1040 803 1101 valuerunt.
851 1045 998 1101 hanc
1015 1063 1150 1102 vero
1167 1043 1344 1103 Vola,-

128 1130 410 1202 sserranis,
426 1148 548 1189 cum
570 1130 736 1187 etiam
752 1142 870 1187 tum
883 1128 1058 1189 effent
1071 1131 1130 1189 in
1149 1132 1345 1207 annia,
1365 1174 1368 1179 -

144 1220 215 1275 L.
259 1214 410 1293 sylla
444 1216 655 1289 vidior,
691 1214 968 1293 republica
998 1234 1343 1293 recuperata,

144 1302 391 1361 comitiis
434 1302 777 1377 centuriatis,
822 1304 1101 1361 civitatem
1139 1305 1346 1382 eripere
1381 1368 1392 1375 ,

146 1407 267 1447 non
288 1388 471 1466 potuit
496 1408 512 1444 ε
553 1387 827 1465 hodieque
838 1387 1196 1447 Volaterrani
1219 1409 1342 1448 non

144 1472 324 1533 modo
340 1473 508 1548 cives,
535 1470 623 1532 sed
639 1475 799 1533 etiam
818 1476 1014 1555 optimi
1029 1476 1204 1550 cives,
1225 1474 1345 1533 fru-

144 1576 323 1622 untur
344 1557 625 1620 nobiscum
642 1559 795 1620 fimul
810 1565 912 1621 hac
927 1564 1170 1624 civitate.
1203 1581 1344 1624 com

146 1645 313 1708 sulari
333 1646 549 1708 homini
570 1653 636 1708 P.
660 1646 915 1724 Clodius„
935 1647 1116 1708 eversa
1141 1651 1342 1730 repub-

145 1733 277 1807 lica,
306 1735 585 1794 civitatem
608 1734 844 1794 adimere
865 1737 1067 1816 potuit,
1099 1736 1344 1797 concilio

144 1819 445 1897 advocato,
460 1820 745 1882 conduCtis
762 1825 946 1901 operis
961 1843 1080 1880 non
1099 1820 1266 1882 solum
1283 1844 1343 1884 e.-

140 1907 419 1984 gentium‚
457 1904 548 1966 sed
584 1908 749 1967 etiam
780 1904 1082 1982 strvorum,
1121 1907 1340 1968 Sedulio

132 1994 415 2072 principe,
445 1996 540 2072 qui
558 1990 608 2052 se
626 1991 723 2052 illo
740 1993 829 2052 die
850 1994 1199 2054 confirmavit
1223 2001 1339 2054 Ro-

140 2099 399 2138 maenon
425 2077 604 2138 fuiss'e?
638 2079 789 2159 quod
804 2079 841 2138 fi
857 2101 973 2140 non
993 2079 1116 2154 fuit,
1135 2079 1266 2160 quid
1284 2096 1340 2140 te

138 2164 425 2238 audacius,
454 2167 547 2244 qui
572 2166 629 2224 in
656 2166 777 2243 ejus
802 2187 1008 2226 nomen
1036 2167 1334 2226 incideris?

139 2249 276 2328 quid
296 2248 746 2330 desperatiu8,qui
762 2273 833 2311 ne
848 2253 1196 2312 ementiendo
1213 2257 1335 2333 qui-

138 2337 265 2394 dem
284 2337 528 2415 potueris
543 2342 815 2396 auftorem
838 2339 1158 2398 adumbrare
1181 2339 1334 2398 meli-

138 2421 335 2482 orem?
370 2421 447 2482 fin
465 2437 645 2482 autem
663 2424 708 2481 is
732 2423 940 2502 primus
964 2423 1142 2498 scivit,
1175 2427 1332 2504 quod

136 2506 297 2582 fagile
322 2509 780 2590 potuitfpropter
810 2511 1058 2592 inopiam
1090 2514 1239 2589 tecti,
1269 2513 1352 2570 in-
