1717 3075
362 187 442 263 9⁶
676 182 1034 237 ORATIO
1071 182 1238 237 PRo

362 282 779 355 cut-intereunt,
796 279 948 358 quod
964 281 1020 339 in
1046 296 1100 337 te
1119 279 1236 339 est?
1261 296 1399 358 quae
1427 300 1574 343 om·

362 371 453 427 nis
483 369 645 427 notio
678 367 1024 443 pontificum,
1057 386 1182 425 cum
1211 366 1562 445 adoptarere,

362 453 465 513 esse
480 454 688 513 debuit.
722 451 819 511 nifi
839 452 982 513 forte
1002 473 1075 511 ex
1089 466 1142 511 te
1163 454 1237 511 ita
1251 451 1564 529 quaefitum

360 539 455 612 est,
482 560 614 597 num
633 541 946 616 perturbare
969 538 1352 617 rempublicam
1365 537 1562 600 sediti·

362 628 565 685 onibus
590 625 795 683 velles:
819 640 876 683 et
905 630 978 686 ob
999 644 1115 683 eam
1142 622 1352 685 causam
1377 624 1558 705 adop·

364 714 489 784 tari,
520 732 639 769 non
654 728 716 769 ut
736 710 880 770 filius
897 710 1050 784 effes,
1085 709 1174 770 sed
1205 726 1266 769 ut
1295 712 1562 771 tribunus

362 799 536 877 plebis
566 796 745 871 fieres,
764 814 821 855 et
850 797 1096 857 funditus
1125 812 1390 857 everteres
1413 798 1562 857 civi-

363 899 555 941 tatem.
603 881 944 961 respondisti,
977 882 1166 955 credo,
1197 896 1250 940 te
1279 884 1358 941 ita
1386 882 1558 945 velle.

366 968 721 1046 pontificibus
744 972 896 1027 bona
919 968 1074 1027 causa
1088 966 1202 1027 visa
1221 966 1323 1027 est:
1349 988 1558 1048 appro-

364 1055 659 1113 baverunt.
706 1075 823 1113 non
848 1071 996 1113 aetas
1025 1056 1166 1130 ejus»,
1197 1056 1294 1132 qui
1319 1055 1558 1134 adopta-

362 1140 483 1213 bat,
512 1137 749 1217 quaesita
762 1139 859 1214 est,
885 1155 947 1199 ut
965 1143 1022 1199 in
1049 1147 1158 1201 Cu.
1179 1139 1422 1214 Aufiffln,
1459 1148 1552 1203 Μ.

363 1228 565 1304 Pupio:
590 1246 825 1305 quorum
844 1224 1268 1305 uterque-nostrai
1287 1229 1560 1287 memorii

360 1309 568 1373 summai
584 1310 1010 1388 senedtute‚alter
1032 1311 1294 1387 Orestem,
1309 1314 1447 1373 alter
1463 1317 1557 1373 Pi-

362 1394 549 1457 sonem
567 1398 870 1478 adoptavit.
903 1419 1039 1477 quas
1055 1397 1402 1476 adoptiones,
1418 1397 1558 1460 ficut

362 1482 497 1544 alias
528 1482 970 1557 innumerabiles,
1016 1484 1338 1544 hereditates
1367 1488 1556 1546 nomi-

360 1572 476 1645 πίε,
492 1574 776 1650 pecuniae,
798 1569 1070 1630 sacrorum
1089 1570 1297 1630 secutae
1313 1570 1454 1630 sunt.
1492 1588 1558 1632 tu

363 1675 541 1734 neque
564 1660 825 1716 Fonteius
842 1677 924 1731 es,
949 1656 1159 1735 quiesse
1175 1657 1427 1717 debebas:
1453 1679 1556 1718 ne·

362 1761 469 1820 que
504 1744 677 1820 patris
711 1747 906 1802 heres:
939 1765 1140 1822 neque,
1165 1745 1354 1802 amiffis
1385 1742 1556 1804 sacris

360 1829 629 1906 paternis,
667 1832 725 1888 in
762 1833 896 1888 haec
917 1829 1176 1910 adoptiva
1211 1829 1426 1892 venisti.
1475 1833 1562 1892 ita

360 1917 693 1990 perturbatis
729 1914 912 1990 sacris,
951 1917 1342 1976 contaminatis
1369 1919 1558 1996 genti-

356 2000 461 2058 bus
468 2043 485 2073 ,
510 2015 564 2059 et
577 1991 743 2080 quam
754 1999 1028 2060 deseruisti
1035 2045 1053 2076 ‚
1071 2018 1125 2060 et
1144 2023 1308 2080 quam
1325 2001 1560 2082 polluis-

360 2087 425 2160 ti,
452 2088 579 2162 jure
604 2090 903 2161 Quiritium
929 2089 1175 2164 legitimo
1194 2090 1484 2149 tutelarum
1501 2105 1564 2150 et

357 2173 718 2234 hereditatum
751 2175 966 2246 relifto,
987 2173 1160 2232 factus
1191 2196 1249 2233 es
1272 2175 1392 2251 ejus
1409 2174 1560 2236 filius

353 2272 553 2316 contra
583 2257 687 2334 fas,
718 2261 878 2336 cujus
909 2280 1005 2339 per
1031 2275 1262 2319 aetatem
1279 2277 1434 2340 pater
1449 2262 1564 2322 effe

354 2342 600 2421 potuisti.
692 2349 841 2406 Dico
863 2345 1005 2426 apud
1024 2347 1333 2424 pontifices,
1383 2370 1562 2426 neg0‚
1591 2393 1608 2427 ι
1623 2398 1654 2442 4

352 2427 505 2486 istam
524 2429 878 2509 adoptionem
895 2432 1316 2511 pontificiojure
1327 2431 1430 2492 esse
1442 2433 1566 2496 fac-

352 2529 467 2576 tam
491 2537 506 2574 ι
538 2517 801 2595 primum,
824 2518 976 2600 quod
997 2522 1098 2580 hae
1120 2518 1327 2582 vestrae
1341 2519 1448 2582 fint
1464 2541 1570 2610 aef
