1717 3075
552 192 855 246 DOMO
910 190 1118 247 SUA
1352 204 1429 264 93

231 244 430 347 scelere
445 286 744 346 conflatum
761 284 847 357 fit,
865 304 953 343 me
968 284 1263 360 occultare,
1277 302 1333 346 et
1348 303 1433 346 ta-

223 394 378 440 ,cere.
425 370 560 431 illud
586 391 720 431 vero
746 370 818 429 est
841 373 1115 429 hominis
1100 376 1325 448 mgrati,
1348 389 1430 432 ta·

231 479 376 517 cere.
409 461 598 536 itaque
613 456 949 515 libentissime
964 456 1406 535 praedicab0,Cn
1416 502 1433 519 .

233 546 558 623 Pompeium
589 542 764 601 studio
793 557 850 599 et
882 544 1205 601 audiet-itate
1238 566 1433 624 aeque,

233 646 300 689 ut
315 644 762 708 unumquemque
784 626 1041 701 vestrfim,
1058 631 1276 705 opibus,
1294 654 1433 691 con·

233 718 517 789 tentione,
561 715 810 794 precibus
828 756 846 785 ‚
884 714 1137 793 periculis
1170 714 1431 794 denique,

163 819 216 853 12
239 803 526 882 praecipue
542 820 644 879 pro
659 797 826 859 salute
847 820 967 857 mea
982 799 1258 861 laborasse.
1321 806 1433 863 Hic

238 890 376 962 tuiz,
403 894 463 945 P.
493 885 748 959 Lentule,
765 906 893 945 cum
908 902 966 943 tu
992 886 1127 943 nihil
1144 886 1293 945 aliud
1314 887 1435 949 dies

235 989 296 1033 et
327 977 537 1045 aoeies,
567 969 664 1029 nifi
702 970 770 1029 de
791 970 958 1029 salute
989 990 1109 1029 mea
1136 974 1437 1051 cogitares,

235 1056 485 1121 confiliis
505 1058 762 1117 omnibus
777 1056 1053 1115 interfuitz
1090 1059 1179 1116 hic
1196 1061 1293 1119 tibi
1306 1081 1432 1139 gra-

237 1146 480 1207 vifflmu·s
497 1148 686 1203 audior
699 1142 767 1201 ad
782 1142 1189 1218 instituendam,
1206 1144 1434 1206 fideliffi-

235 1253 365 1293 mus
383 1224 557 1289 socius
573 1228 642 1289 ad
659 1229 1105 1308 comparandam,
1122 1230 1432 1293 fortissimus

237 1317 467 1395 adjutor
495 1316 563 1375 ad
601 1336 716 1375 rem
746 1314 1128 1395 perficiendam
1162 1316 1303 1377 suite
1343 1320 1433 1377 hic

238 1404 568 1481 municipia,
589 1400 943 1480 coloniasque
956 1402 1113 1460 adiit=
1138 1404 1226 1462 hic
1244 1404 1435 1462 Italiae

241 1491 418 1550 totius
457 1487 722 1548 auxilium
767 1488 1040 1567 cupientis
1075 1487 1395 1568 imploravit
1418 1511 1437 1550 τ

240 1578 334 1636 hic
349 1577 408 1633 in
427 1574 610 1634 senatu
635 1575 891 1653 princeps
909 1571 1206 1634 sententiae
1218 1574 1324 1634 fuit
1347 1599 1361 1636 ι
1388 1578 1435 1634 i-

225 1661 478 1741 ,demque
489 1682 609 1720 cum
627 1658 987 1733 dixiffet,tum
1002 1661 1163 1719 etiam
1177 1682 1280 1741 pro
1298 1662 1435 1721 salu-

223 1763 302 1820 tte
327 1769 446 1808 mea
470 1746 732 1826 populum
761 1749 1073 1806 Romanum
1104 1747 1431 1809 obsecravit.

243 1855 414 1914 quare
436 1833 587 1892 istam
617 1833 950 1907 orationem,
973 1853 1082 1912 qua
1102 1853 1161 1891 es
1186 1833 1333 1908 usu8‚
1370 1857 1435 1895 o·

241 1925 432 1980 mittas
449 1919 598 1979 licet:
619 1916 893 1998 postillam
911 1917 1436 2000 sententiam,quam

242 2007 493 2065 dixeram
517 2005 585 2064 de
600 2025 848 2078 annona,
878 2005 1201 2082 pontificum
1218 2011 1437 2068 animos

241 2090 350 2151 effe
381 2106 660 2150 mutatos:
694 2090 939 2168 perinde,
964 2089 1109 2167 quafi
1138 2089 1220 2149 isti
1244 2108 1338 2150 aut
1368 2093 1437 2152 de

247 2184 358 2237 Cn.
386 2178 647 2256 Pompeio
670 2177 850 2248 aliter,
874 2191 1038 2253 atque
1051 2196 1153 2253 ego
1169 2177 1437 2254 existimo,

241 2261 512 2324 sentiant:
547 2276 663 2336 aut,
687 2260 819 2340 quid
835 2263 969 2320 mihi
984 2282 1089 2341 pro
1104 2267 1439 2342 expediatio·

243 2371 318 2410 ne
333 2348 530 2429 populi
546 2348 808 2422 Romani,
824 2367 928 2427 pro
943 2353 1051 2408 Cn.
1066 2351 1308 2428 Pompeii
1322 2369 1438 2408 me-

238 2437 368 2495 ritis
385 2455 514 2512 erga
527 2454 636 2509 me,
665 2454 768 2514 pro
799 2435 1013 2492 ratione
1035 2435 1141 2492 mei
1172 2436 1437 2514 temporis

153 2515 162 2528 ’
245 2520 559 2584 faciendum
572 2519 755 2597 fuerit,
773 2521 1057 2601 ignorent:
1080 2535 1175 2580 aut
1190 2522 1374 2598 etiam,
1396 2517 1440 2578 fi
