1717 3075
1158 0 1231 3 7—-7
1281 0 1496 8 7-——-——‘

480 191 781 248 nomo
838 192 1026 251 sun
1269 206 1410 269 ⁷3,

130 286 311 346 vium
327 282 492 362 salus,
506 288 642 360 vita,
660 284 906 360 libertas,
930 306 1074 362 arae,
1099 284 1234 361 foci,
1265 288 1346 349 dii

128 386 401 452 penates,
418 374 587 447 bona,
604 371 882 447 fortunae,
903 372 1204 448 domicilia,
1229 372 1346 435 ves·

130 477 269 519 trae
294 456 608 538 sapientiae,
638 456 787 532 fidei,
817 458 1176 539 potestatique
1192 482 1348 521 com·

130 541 323 618 missa,
342 544 659 624 creditaque
689 543 793 605 ess'e
822 545 1132 607 videantur.
1182 549 1348 609 vobis

130 630 419 693 hodierno
448 632 537 691 die
577 628 1014 691 constituendum
1053 630 1128 693 est
1155 648 1346 697 utrum

132 716 368 797 posthac
398 732 643 777 amentes
679 737 741 775 ac
782 718 1027 797 perditos
1065 716 1342 799 magistra·

132 821 237 865 tus
258 804 637 882 improborum
654 824 718 862 ac
733 801 1114 867 sceleratorum
1139 808 1348 869 civium

133 888 415 971 praesidio
438 889 667 964 nudare,
690 911 763 949 an
794 892 955 951 etiam
985 890 1213 953 deorum
1237 894 1344 955 im·

132 976 465 1036 mortalium
481 975 741 1052 religione
756 996 965 1037 annai-e
979 979 1202 1039 malitis.
1212 1000 1342 1041 nam

132 1062 181 1121 fi
202 1062 295 1121 illa
318 1061 469 1121 labes
495 1083 557 1121 ac
586 1064 803 1123 flamma
833 1064 1156 1145 reipublicae
1183 1064 1340 1129 suum

134 1148 297 1209 illum
312 1148 619 1227 pestiferum
630 1165 683 1209 et
694 1148 960 1211 funestam
975 1153 1338 1230 tribunatum,

134 1254 307 1315 quem
344 1236 619 1314 aequitate
650 1240 884 1297 humana
911 1240 1058 1299 tueri
1081 1260 1200 1299 non
1234 1262 1340 1319 po·

136 1320 261 1396 test,
296 1322 491 1381 divina
524 1322 789 1401 religione
818 1323 1160 1385 defenderit:
1201 1327 1340 1387 aliae

136 1409 487 1467 ceremoniae
524 1410 687 1467 nobis
718 1426 902 1483 erunt,
951 1409 1044 1469 alii
1074 1410 1338 1473 antistites

138 1492 369 1554 deorum
388 1494 797 1571 immortalium,
813 1496 902 1556 alii
919 1497 1240 1575 interpretes
1257 1520 1340 1562 re·

136 1579 413 1658 ligionum
446 1581 779 1660 requirendi.
841 1581 920 1642 fin
953 1600 1136 1646 autem
1163 1584 1338 1648 vestra

138 1668 487 1739 auetoritate,
504 1665 892 1748 sapientiaque,
915 1670 1228 1748 Pontifices,
1245 1695 1340 1750 ea,

137 1772 281 1832 quae
294 1753 482 1814 furore
504 1755 882 1831 improborum
900 1758 958 1816 in
976 1759 1250 1838 republica
1263 1763 1336 1822 ab

135 1839 257 1898 aliis
296 1837 564 1920 oppressa,
594 1843 663 1899 ab
696 1841 817 1900 aliis
849 1842 1078 1920 deserta,
1114 1847 1182 1906 ab
1209 1845 1338 1908 aliis

134 1927 382 2004 prodita,
418 1924 563 2002 gesta
594 1924 740 2002 sunt,
772 1927 1196 2006 rescinduntur;
1228 1935 1334 1994 erit

134 2010 414 2085 causa,cur
430 2010 713 2071 confilium
732 2016 1096 2092 majorum,in
1113 2018 1334 2098 amplis-

132 2095 279 2158 fimis
300 2099 437 2156 viris
455 2097 522 2156 ad
546 2096 843 2158 sacerdotia
868 2102 1191 2180 deligendis,
1205 2107 1337 2182 jure

132 2205 195 2242 ac
212 2183 645 2244 meritolaudare
661 2185 932 2264 pellimus,
981 2187 1092 2264 sed,
1125 2195 1330 2270 quoni·

137 2291 225 2328 am
248 2269 341 2328 ille
358 2270 605 2344 demens,
637 2270 676 2330 fi
706 2294 789 2346 ea,
814 2293 956 2351 quae
977 2297 1080 2352 ego
1105 2297 1202 2356 per
1223 2281 1332 2346 hos

131 2356 247 2415 dies
266 2359 325 2414 in
342 2355 531 2416 senatu
546 2357 613 2416 de
628 2359 902 2438 republica
928 2360 1082 2436 sensi,
1113 2365 1330 2442 vitupe-

132 2440 314 2517 raffet,
342 2441 581 2522 aliquem
613 2442 664 2502 se
696 2447 902 2506 aditum
933 2448 998 2507 ad
1032 2470 1186 2508 aures
1210 2453 1332 2512 ves·

132 2543 247 2590 tras
257 2527 367 2592 effe
383 2532 693 2592 habiturum
710 2539 946 2612 putavit,
963 2538 1216 2600 omittam
1235 2557 1334 2600 ot-

708 2625 763 2676 D
