1717 3075
365 163 446 239 56
673 162 1215 223 oRA-rxom

364 281 474 321 cuo
497 280 617 321 non
629 261 850 323 medea
863 263 1054 335 bonis,
1078 258 1167 321 sed
1188 261 1355 321 etiam
1378 260 1571 325 anbe-

360 350 464 421 τῖε,
485 349 819 425 atque-inani
834 346 993 422 foro,
1005 348 1201 424 ignaro
1216 348 1427 428 populo
1446 352 1569 409 Ro·

358 454 534 493 mano
550 432 684 511 quid
699 449 973 511 ageretur,
984 431 1167 491 senatu
1185 454 1319 493 vero
1334 433 1573 513 oppres·
1666 486 1668 513 ÷

357 518 422 579 so
453 534 510 578 et
541 518 760 594 affistn,
789 518 1005 579 duobus
1029 520 1211 600 impiis
1229 518 1575 600 nefariisque

357 602 697 677 consulibus,
720 605 1010 674 aerarium,
1035 606 1379 682 provinciae,
1422 605 1567 685 legi·
1668 674 1670 679 .

356 710 524 763 ones,
554 692 782 768 imperia
803 690 1175 751 donabantur.
1331 698 1567 753 Horum
1582 694 1607 735 ⁸

357 774 644 837 consulum
661 778 848 835 ruinas
860 796 967 835 vos
984 774 1235 835 consules
1250 775 1429 837 vestra
1442 781 1565 837 vir·
1670 812 1672 822 ι

355 877 480 923 tute
491 858 701 921 fuffistIs
721 885 740 935 3
768 861 971 921 summa
988 864 1338 924 tribunorum
1356 862 1573 941 plebis,-

353 964 780 1031 praetorumque
795 946 923 1020 fide,
938 962 993 1007 et
1007 946 1293 1025 diligentia
1308 946 1561 1009 subleva·
1672 978 1674 985 ·

355 1037 425 1095 ti.
473 1034 608 1112 quid
624 1054 729 1112 ego
758 1033 827 1092 de
843 1032 1281 1113 praestantiffimo
1296 1036 1448 1109 viro,
1474 1042 1561 1095 T.

354 1122 576 1193 Annio,
599 1120 802 1180 dicam?
829 1133 926 1178 aut
940 1122 1065 1198 quis
1090 1120 1158 1178 de
1178 1120 1274 1179 tali
1290 1121 1413 1181 cive
1426 1119 1564 1181 satis
1675 1137 1676 1141 ’

354 1206 530 1283 digne
547 1226 792 1284 unquam
807 1204 1105 1282 loquetur?
1138 1208 1377 1284 quicum
1400 1207 1563 1267 vide·

354 1306 465 1364 ret,
490 1289 804 1351 sceleratum
833 1293 1035 1364 civem,
1069 1306 1163 1349 aut
1198 1290 1557 1353 domesticum
1676 1325 1678 1355 ι

355 1379 547 1457 potius
581 1375 809 1452 hostem,
832 1374 871 1437 fi
892 1374 1103 1453 legibus
1128 1377 1207 1435 uti
1230 1377 1441 1452 liceret,
1460 1379 1558 1455 ju-

353 1463 503 1525 dicio
527 1461 628 1522 effe
661 1460 1063 1541 frangendum:
1096 1460 1176 1521 fin
1206 1462 1321 1544 ipsa
1340 1464 1557 1539 judicia
1678 1518 1680 1548 Ἴ

350 1552 442 1611 vis
463 1549 751 1628 impediret
774 1571 836 1610 ac
853 1548 1097 1624 tolleret,
1126 1549 1409 1610 audaciam
1438 1553 1555 1613 vir-

350 1649 493 1709 tute,
532 1634 771 1694 furorem
803 1634 1155 1710 fortitudine,
1190 1637 1555 1700 temeritatem

353 1719 604 1792 confiliO,
637 1740 857 1780 manum
888 1741 1081 1794 manu,
1110 1724 1225 1804 vim
1248 1723 1307 1781 vi
1336 1721 1443 1782 effie
1464 1722 1555 1784 su·

349 1805 671 1888 perandam:
697 1808 880 1886 primo
896 1807 963 1866 de
980 1809 1040 1865 vi
1056 1807 1368 1886 postulavit.
1402 1809 1553 1887 post-

347 1912 582 1971 eaquam
603 1894 672 1951 ab
687 1891 879 1952 eodem
891 1892 1100 1969 judicia
1115 1892 1324 1952 sublata
1338 1892 1444 1952 effe
1460 1897 1551 1955 vi·

347 1977 460 2050 dit3
497 1996 568 2038 ne
599 1977 692 2038 ille
715 1981 907 2036 omnia
929 1979 985 2038 vi
1004 1976 1178 2056 poffet
1188 1978 1425 2055 efficere,
1452 2001 1551 2041 cu·

347 2066 495 2125 ravit
521 2087 538 2123 ε
579 2065 676 2143 qui
711 2062 925 2137 docuit,
964 2083 1144 2143 neque
1167 2069 1329 2140 πεδία,
1366 2086 1555 2145 neque

346 2150 576 2230 templa,
597 2169 780 2228 neque
799 2147 1008 2222 forum,
1034 2169 1214 2228 neque
1228 2153 1458 2225 curiam,
1482 2151 1565 2216 fi·.

347 2257 422 2298 ne
437 2235 644 2296 summa
662 2237 890 2309 virtute,
912 2256 973 2296 ac
995 2237 1253 2296 maximis
1276 2238 1475 2317 opibus
1494 2253 1553 2298 et

349 2325 527 2402 copiis
559 2322 627 2380 ab
658 2319 920 2382 intestino
950 2320 1248 2382 latrocinio
1270 2319 1421 2399 poffe
1450 2322 1551 2382 de·

347 2407 526 2467 feudi:
553 2407 649 2484 qui
671 2407 900 2484 primus,
918 2405 1037 2485 post
1050 2427 1231 2466 meum
1248 2405 1548 2485 discessum,

351 2506 560 2554 metum
580 2492 768 2567 bonis,
785 2489 931 2572 spem
949 2491 1265 2570 audacibus,
1286 2494 1562 2558 timorem.
