1717 3075
303 149 505 241 'cn
583 182 1040 240 PLANcro.
1215 146 1336 241 281

130 280 253 342 lum
272 280 541 354 maxima-7·
558 275 649 337 sed
676 280 839 339 etiam
871 294 1046 339 mater
1065 276 1343 339 virtutum·

132 368 391 427 omnium
408 364 757 443 reliquarum.
784 365 918 444 quid
934 364 1008 423 est
1022 366 1220 444 pietas,
1238 362 1345 425 niss

133 450 401 512 voluntas
416 466 571 529 grata
588 452 648 509 in
664 452 950 529 parentes?
977 455 1074 529 qui
1091 450 1222 510 sunt
1237 451 1344 510 bo·

133 537 201 597 ni
216 537 391 610 cives,
408 539 504 616 qui
520 535 672 609 belli,
684 538 781 614 qui
796 536 949 596 domi
965 537 1032 595 de
1047 537 1224 614 patria
1243 536 1342 595 be·

135 642 213 683 ne
249 639 545 695 merentes,
582 620 683 681 nifi
712 623 808 700 qui
841 623 1048 700 patriae
1076 618 1342 681 beneficia

134 710 535 770 meminerunt?
562 710 657 786 qui
672 705 866 782 saneti,
888 708 986 786 qui
1010 706 1342 784 religionum

134 794 413 868 colentes,
429 792 529 853 nifi
546 796 642 871 qui
659 794 912 853 meritam
930 794 1036 852 diis
1053 795 1342 852 immorta-

135 879 285 939 libus
300 881 531 958 gratiam
545 876 701 954 justis
715 880 1046 953 honoribus,
1061 893 1118 937 et
1131 898 1345 937 memo·

138 966 191 1025 ri
210 981 395 1025 mente
410 962 763 1044 persolvunt?
788 984 932 1043 quae
947 963 1120 1044 potest
1135 962 1238 1022 effe
1245 965 1342 1042 ju·

136 1050 395 1111 conditas
424 1053 596 1126 vitae,
618 1050 841 1109 sublatis
871 1052 1121 1109 amicitiis
1145 1050 1172 1107 ?·
1199 1067 1344 1127 quae

134 1156 312 1219 porro
334 1137 572 1195 amicitia
588 1134 760 1215 potest
776 1134 908 1194 effe
891 1149 1038 1197 mter
1051 1137 1340 1213 ingratos..
1316 1136 1338 1177 θ

136 1224 269 1301 quis
288 1221 365 1281 est
378 1221 623 1281 nostrum
638 1220 932 1281 liberaliter
946 1222 1226 1293 educatus,
1250 1222 1342 1281 cui

134 1329 261 1369 non
276 1306 619 1383 educatores,
642 1309 730 1383 eui
744 1327 864 1366 non
879 1306 1114 1384 magistri
1135 1305 1237 1381 sm,
1257 1322 1343 1366 at·

136 1414 252 1473 que
271 1392 548 1470 doftores,
577 1393 667 1453 cui
691 1412 811 1451 non
834 1391 993 1452 locus
1016 1392 1108 1453 ille
1127 1407 1336 1466 mutus,

136 1481 237 1540 ubi
258 1478 371 1559 ipse
402 1479 566 1540 alitus
590 1494 683 1540 aut
698 1478 892 1540 doetus
911 1477 1008 1554 est,
1029 1498 1154 1538 cum
1184 1491 1341 1556 grata

134 1564 526 1627 recordatione
554 1567 615 1626 ixi
643 1576 828 1626 mente
856 1564 1142 1625 versetur?
1179 1564 1342 1641 cujus

138 1671 281 1732 opes
304 1665 491 1712 tantae
506 1651 607 1712 effe
622 1649 863 1732 poss'unt,
887 1667 978 1710 aut
995 1669 1242 1728 unquam
1253 1648 1343 1708 fu·

138 1752 331 1810 erunt,
347 1758 489 1815 quae
499 1737 609 1798 fine
622 1736 922 1796 multorum
937 1738 1241 1796 amicorum
1254 1733 1346 1794 of-

138 1823 286 1884 ficiis
315 1821 449 1882 stare
485 1823 719 1904 possint.
706 1823 725 1864 Ρ
766 1843 906 1900 quae
927 1837 1094 1896 certe,
1131 1819 1390 1888 sublati

132 1910 495 1984 memoria,et
509 1909 705 1988 gratia,
722 1907 872 1968 nulla
887 1923 1074 1967 extare
1089 1905 1334 1986 poll'unt.

134 1991 397 2075 equidem
444 1993 581 2054 nihil
619 2010 732 2053 tam
774 1995 1060 2072 proprium
1077 1994 1338 2052 'hominis

134 2080 421 2154 existimo,
438 2099 599 2158 quam
616 2100 734 2138 non
750 2079 922 2139 modo
939 2077 1226 2152 beneficio,
1252 2076 1341 2138 sed

132 2167 305 2226 etiam
336 2166 754 2226 benevolentiae
790 2162 1186 2240 significatione
1219 2162 1340 2222 alli-

132 2253 257 2328 gari
278 2272 295 2309 ε
320 2252 456 2310 nihil
480 2271 651 2330 porro
675 2266 785 2310 tam
808 2252 1192 2323 inhumanum,
1224 2263 1339 2308 tam

130 2339 400 2408 immane,
424 2351 539 2396 tam
552 2335 752 2409 ferum,
774 2355 940 2413 quarn
965 2335 1332 2406 committere,

130 2438 199 2483 ut
212 2421 477 2481 beneficio
492 2442 611 2481 non
627 2422 805 2482 dicam
819 2421 1103 2496 indignus,
1115 2417 1205 2478 sed
1224 2420 1340 2478 vic·

130 2507 357 2572 mseffe
384 2507 626 2570 videare.
672 2527 813 2594 quae
836 2527 963 2568 cum
979 2508 1058 2566 ita
1073 2505 1202 2583 sint,
1223 2505 1350 2584 ,lam
