1717 3075
488 179 571 237 Ῥ.
610 181 648 237 s
680 179 729 237 E
766 181 823 237 x
860 179 1095 240 T·1·o.
1285 199 1399 261 349

190 255 411 334 ferente
442 277 513 330 L.
550 274 791 348 Ninni0‚
820 273 980 350 cu'jus
1003 274 1064 332 in
1095 293 1214 334 mea
1242 277 1402 338 causa

188 377 485 436 nunquam
498 356 635 417 fides
648 356 932 437 virtusque
947 364 1300 422 contremuit.
1317 366 1402 426 in-

188 441 428 503 ·terceffit
464 445 639 521 Ligus
678 443 773 503 iste
810 443 992 504 nescio
1031 447 1150 525 qui,
1187 447 1400 510 addita·
1485 485 1492 492 ·

195 533 449 591 mentum
466 531 821 591 inimicorum
844 535 1138 594 incorum..
1165 553 1254 594 res
1283 551 1402 598 erat

193 629 257 675 vet
279 613 433 675 causa
455 615 640 676 nostra
652 617 849 694 cojam
865 615 1000 692 loci,
1025 631 1088 678 ut
1107 621 1314 696 erigere
1334 642 1401 684 o·

193 701 359 762 culos
380 717 436 761 et
450 705 637 763 vivere
650 703 950 764 videretur.
1000 703 1244 784 quisquis
1259 724 1402 786 erat,

190 790 305 867 qui
326 787 565 868 aliquam
587 804 798 868 partem
818 790 881 848 in
911 810 1036 849 meo
1058 791 1204 851 luctu
1233 791 1399 856 scele-

194 875 284 934 ris
302 873 560 934 Clodiani
576 873 853 953 attigisset,
869 895 1206 956 quocunque
1227 900 1400 940 vene·

118 979 125 984 ’
192 959 463 1039 xat,quod
473 959 744 1039 judicium
756 981 978 1040 cunque
994 960 1401 1040 subierat,dam·

190 1048 459 1107 nabatur.
490 1048 876 1108 inveniebatur
897 1067 1089 1123 nemu,
1111 1052 1208 1129 qui
1228 1049 1280 1110 se
1292 1050 1403 1112 suf·

184 1133 443 1210 fragium
472 1131 539 1192 de
567 1155 657 1193 me
684 1131 859 1194 tuliffe
883 1133 1259 1198 confiteretur.
1305 1137 1400 1200 de·

194 1218 425 1280 ‘cesserat
439 1239 513 1279 ex
528 1217 651 1279 Afia
667 1219 833 1280 frater
850 1240 1004 1280 meus
1019 1221 1401 1304 magnosquar

184 1306 348 1381 lore,
380 1303 470 1366 sed
492 1305 670 1366 multo
690 1307 857 1366 etiam
881 1308 1092 1384 majore
1121 1329 1396 1380 moerore·-

184 1395 335 1453 .huic
348 1391 418 1450 ad
444 1394 631 1452 urbein
657 1393 906 1453 venienti
929 1405 1051 1453 tota
1075 1395 1294 1455 obviam
1312 1399 1399 1456 ‘ci-

157 1520 164 1526 -
200 1480 351 1541 vitas
374 1499 499 1539 cum
514 1478 775 1561 lacrymis
794 1481 1110 1559 gemituque
1132 1479 1400 1560 processe-

175 1610 181 1615 .
202 1581 314 1626 ταῖς
333 1565 659 1644 loquebatur
680 1566 901 1625 liberius
915 1564 1153 1625 stuatuse
1170 1588 1404 1631 concur,-

200 1654 401 1712 rebant
422 1653 632 1731 equites
652 1653 914 1711 Romani:
942 1650 1067 1711 Piso
1087 1652 1203 1728 ille,
1230 1676 1402 1731 gener

202 1757 386 1812 meus,
407 1740 497 1797 cui
510 1736 741 1797 fructum
761 1738 977 1816 pietatis
996 1736 1116 1797 suae
1133 1760 1312 1819 neque
1327 1762 1403 1803 ex

176 1842 319 1897 -me,
352 1842 535 1902 neque
570 1844 603 1883 a
633 1823 843 1903 populo
875 1829 1130 1891 Romano
1161 1824 1306 1886 ferre
1333 1824 1404 1887 li-

202 1912 345 1983 cuit,
366 1930 397 1969 a
419 1912 739 1990 propinquo
755 1909 851 1969 suo
869 1907 1110 1971 socerum
1135 1910 1287 1973 suum
1306 1917 1406 1975 fla-

204 1998 439 2073 gitabat:
466 1998 654 2057 omnia
670 1994 886 2055 ienatus
903 1998 1202 2073 rejiciebat,
1219 1998 1318 2058 nifi
1332 2000 1404 2062 de

128 2102 298 2152 32-me
312 2084 548 2161 primum
562 2080 809 2143 consules
834 2080 1170 2143 retulissent:
1249 2094 1404 2161 Quae

204 2188 335 2227 cum
353 2188 439 2226 res
448 2169 563 2245 jam
581 2170 831 2227 manibus
853 2182 1132 2227 temretur
1153 2191 1168 2226 ε
1195 2183 1250 2228 et
1279 2192 1404 2233 cum

205 2252 465 2315 consules
498 2255 909 2334 provinciarum
954 2256 1206 2332 pactione
1236 2256 1402 2317 liber·

176 2350 379 2404 'Itatem
412 2358 633 2399 omnem
674 2337 1026 2419 perdidissent
1046 2382 1068 2413 2
1113 2342 1230 2419 qui,
1275 2364 1403 2403 cum

190 2427 271 2485 -in
289 2422 477 2485 senatu
504 2428 783 2504 privatim,
808 2442 870 2484 ut
901 2426 968 2485 de
993 2447 1078 2483 me
1103 2426 1405 2489 sententias

184 2510 477 2595 ¹facerent,
495 2513 904 2593 flagitabantur,
920 2512 1092 2593 legem
1109 2513 1188 2576 illi
1203 2512 1254 2575 se
1271 2514 1408 2600 Clqrf
