1717 3075
415 180 760 241 AncmA
797 184 1129 242 POETA.
1324 200 1359 263 3

157 280 340 354 mani,
369 276 702 341 lefflffimum
723 281 928 353 virum,
950 294 1011 339 et
1038 276 1181 361 apud
1214 276 1367 341 steve-

161 366 393 429 rissimos
417 364 656 443 judices,
693 381 852 425 tanto
874 381 1161 426 conventu
1184 369 1369 427 homi·

160 471 324 526 num,
346 473 412 512 ac
439 450 770 531 frequentia,
795 456 905 511 hoc
934 454 1018 511 uti
1046 472 1247 530 genere
1280 454 1365 513 di-

157 539 348 613 cendi,
379 537 532 618 quod
566 559 688 599 non
721 538 895 597 modo
918 557 953 596 a
972 538 1367 601 consuetudine

151 625 524 705 judiciorum,
557 644 752 685 verum
779 627 947 683 etiam
969 644 1001 683 a
1020 622 1227 685 forenfi
1254 624 1365 687 ser·

155 732 336 772 mone
360 714 689 773 abhorream
721 708 923 789 quaeso
948 731 983 768 a
1004 712 1187 787 vobis,
1216 715 1363 775 utin

151 801 260 860 hac
273 794 436 857 causa
451 798 584 857 mihi
595 796 891 857 detishanc
904 798 1123 855 veniam
1128 818 1367 871 ,accom

149 884 442 947 modatam
477 886 606 946 huic
633 903 754 958 reo,
785 883 975 957 vobiS,
1006 884 1363 962 quemadmo-

147 970 292 1033 dum
323 968 506 1051 spero,
537 991 656 1030 non
683 968 1003 1043 molestam3
1036 986 1099 1030 ut
1122 990 1233 1045 me,
1258 990 1362 1051 pro

149 1052 372 1118 summo
385 1058 556 1137 poie‘ta
577 1070 742 1135 atque
755 1056 1111 1117 eruditissimo
1136 1060 1365 1119 homine

147 1142 459 1217 dicentem,
489 1145 598 1202 hoc
625 1140 895 1203 concursu
918 1145 1207 1203 hominum
1239 1144 1365 1203 lite·

127 1229 562 1305 ‘ratiffunorum,
577 1232 680 1289 hac
691 1227 867 1289 vestra
880 1230 1239 1304 humanitate,
1254 1233 1365 1292 hoc

147 1317 402 1396 denique
439 1331 692 1397 praetore
723 1331 1023 1377 exercente
1052 1315 1324 1393 judicium
1342 1356 1365 1393 ,

147 1405 445 1485 patiamini
461 1402 528 1463 de
541 1401 730 1463 studiis
746 1404 1135 1475 humanitatis,
1158 1422 1223 1461 ac
1238 1401 1363 1461 lite-

148 1505 346 1551 rarum
375 1488 540 1571 paulo
560 1489 718 1571 loqui
749 1488 1012 1548 liberiusa
1044 1503 1100 1547 et
1130 1488 1191 1547 in
1218 1484 1365 1566 ejus·

147 1575 312 1640 modi
346 1575 608 1679 persona,
650 1596 792 1678 quae
825 1590 1056 1655 propter
1086 1577 1265 1634 otium
1296 1595 1363 1636 ac

147 1663 392 1725 studium
409 1665 638 1723 minime
665 1665 726 1723 in
749 1661 975 1740 judiciis
997 1659 1363 1741 periculisque

146 1753 385 1810 tractata
410 1748 512 1825 est,
539 1751 626 1808 uti
647 1769 822 1830 prope
849 1767 1009 1809 novo
1042 1747 1283 1827 quodam
1304 1761 1365 1808 et
1468 1755 1473 1760 “

145 1833 416 1898 inufitato
440 1853 642 1912 genere
661 1835 905 1896 dicendi.
952 1834 1109 1914 quod
1124 1832 1164 1894 fi
1178 1834 1311 1894 mihi
1328 1851 1365 1894 ι

145 1925 318 1986 vobis
343 1922 537 1996 tribui,
557 1921 901 2002 concedique
914 1919 1141 1981 sentiam
1156 1943 1174 1980 ε
1198 1917 1363 2001 perfi-

143 2012 292 2070 ciam
311 2007 586 2089 profesto,
606 2023 671 2068 ut
685 2011 834 2068 hunc
849 2014 923 2068 A.
946 2009 1223 2069 Licinium
1241 2028 1363 2068 non

146 2094 326 2157 modo
347 2114 470 2154 non
495 2093 935 2172 segregandum,
962 2114 1085 2154 cum
1102 2091 1167 2152 fit
1196 2095 1363 2170 civis,

149 2202 182 2240 a
213 2201 452 2242 numero
472 2181 676 2240 civium
697 2203 718 2253 3
739 2199 936 2240 verum
960 2181 1148 2256 etiam,
1170 2179 1209 2240 fi
1238 2198 1363 2242 non

107 2271 128 2315 3
153 2265 306 2342 esset,
324 2267 536 2347 putetis
551 2264 917 2326 asciscendum
930 2263 1109 2326 fuisse.
1212 2273 1363 2328 Nam

153 2359 220 2414 u't
235 2355 482 2434 primum
497 2371 570 2412 ex
585 2353 771 2434 pueris
785 2351 1003 2424 excessit
1016 2353 1364 2427 Archias,at-

151 2458 263 2519 que
289 2441 362 2498 ab
377 2439 448 2497 iis
464 2439 698 2513 artibus,
727 2441 931 2518 quibus
966 2453 1116 2498 aetas
1140 2438 1365 2518 puerilis

151 2525 223 2586 nd
247 2526 656 2587 humanitatem
687 2526 981 2585 informari
1014 2523 1173 2599 solet,
1218 2522 1371 2584 send
1488 2617 1500 2628 .

701 2617 842 2672 Aa
