1717 3075
386 212 497 257 too
667 195 1059 255 ORATIO
1115 196 1297 253 PRO

378 292 420 355 fi
434 292 608 367 fieret,
637 280 859 353 dicebas
884 308 939 351 te
951 292 1074 351 ⁸tuis
1091 292 1334 353 humeris
1359 312 1450 354 me
1470 291 1592 355 eus·

376 379 568 441 todem
584 378 735 439 urbis
758 380 819 437 in
842 380 1033 439 urbem
1056 378 1381 441 relaturum.
1429 382 1588 443 vide·

374 481 433 529 te
447 467 693 527 hominis
708 467 1031 541 amentiam,
1054 468 1148 526 ubi
1172 485 1270 543 per
1300 465 1458 529 suum
1487 472 1588 529 tri-

373 554 646 615 bunatum
672 552 920 613 Caesaris
949 555 1082 613 actis
1099 552 1344 633 illigatus
1369 570 1586 617 tenere·

372 656 486 703 tur.
532 640 577 701 fi
605 655 662 699 et
690 640 979 701 ’sactorum
1004 640 1133 719 jure
1170 640 1495 722 pontifices,
1525 659 1587 705 et

370 727 740 811 auspiciorum
764 727 1034 807 religione
1049 748 1282 808 augures
1301 744 1490 791 totum
1521 751 1584 791 e·

368 832 600 879 vertunt
622 816 966 877 tribunatum
992 828 1171 891 tuum,
1203 815 1339 895 quid
1355 820 1578 896 quaeris

334 920 341 927 ·
368 906 605 985 amplius
629 904 649 965 ?
676 924 747 964 an
764 904 932 963 etiam
955 904 1198 984 apertius
1223 902 1453 984 aliquod
1477 906 1578 983 jus

366 992 586 1075 populi,
615 1006 783 1072 atque
810 990 1035 1069 legum.
1017 990 1039 1033 ³
1171 995 1330 1051 Hora
1357 990 1652 1061 fortaffe16

368 1078 525 1140 sexta
548 1078 655 1141 diei
684 1076 907 1159 questus
943 1076 1107 1137 sum
1091 1097 1152 1137 m
1175 1076 1419 1157 judicie,
1449 1100 1580 1143 cum

366 1172 440 1231 C.
464 1168 805 1243 Antonium,
816 1164 1083 1243 collegam
1099 1185 1302 1241 meum,
1316 1164 1579 1229 defende-

366 1274 510 1328 tem,
540 1252 811 1333 quaedam
842 1252 910 1313 de
939 1251 1242 1333 republica,
1273 1273 1418 1333 quae
1437 1254 1578 1323 mihi

364 1340 493 1407 visa
499 1338 629 1405 sunt
640 1340 711 1405 ad
725 1339 876 1400 illius
891 1338 1072 1401 miseri
1093 1337 1308 1404 causam
1321 1344 1578 1423 pertine·

361 1449 450 1491 re.
493 1431 630 1491 haec
652 1429 909 1489 homines
932 1426 1172 1509 improbi
1203 1426 1274 1488 ad
1296 1426 1579 1509 quosdam

364 1517 521 1580 viros
545 1515 717 1578 fortes
734 1514 910 1596 longe·
921 1514 1103 1593 aliter,
1119 1530 1284 1598 atque
1305 1537 1338 1577 a
1352 1537 1442 1577 me
1459 1516 1578 1580 die-

358 1619 424 1666 ta
438 1619 617 1679 erant,
634 1604 972 1666 detulerunt.
1018 1606 1158 1666 hora
1173 1623 1350 1680 nona,
1369 1603 1476 1684 illo
1485 1607 1579 1688 ip·

362 1689 428 1754 so
442 1691 553 1769 die,
577 1707 715 1757 tues
732 1691 1052 1774 adoptatus.
1079 1690 1299 1771 fi‚quod
1321 1693 1382 1751 in
1395 1708 1578 1752 caete-

361 1779 443 1840 ris
456 1779 671 1860 legibus
701 1781 915 1846 ttinfim
938 1777 1255 1844 nundinam
1275 1775 1380 1839 effe
1401 1800 1578 1860 opor-

361 1882 471 1944 tet,·
494 1868 551 1928 id
572 1869 633 1928 in
658 1866 962 1949 adoptione
992 1864 1122 1928 satis
1150 1864 1246 1942 est,
1270 1867 1439 1928 trium
1457 1865 1576 1929 -ess'e

360 1958 663 2018 horarum:
692 1955 833 2016 nihil
856 1953 1222 2034 reprehendo.
1270 1951 1353 2013 fin
1380 1953 1576 2018 eadem

360 2043 709 2106 observanda
724 2039 876 2104 sunt·
897 2039 1202 2104 fidecrevit
1216 2037 1460 2118 senatus„
1481 2047 1570 2104 Μ.

358 2130 532 2194 Drufi
545 2133 775 2210 legibus,
798 2143 940 2210 quae
958 2145 1163 2190 eontra
1177 2129 1355 2208 legem
1379 2129 1572 2189 Caeci·

356 2219 499 2280 liam
512 2235 569 2280 et
578 2218 801 2278 Didiam
816 2218 958 2278 latae
968 2213 1434 2298 ess'ent,populum
1448 2235 1572 2278 non

360 2305 563 2370 teneri.
576 2305 698 2385 jam
713 2304 1002 2384 intelligis,
1014 2307 1176 2366 omni
1191 2323 1392 2384 genere
1403 2297 1572 2383 juris,

352 2391 549 2476 quod'
535 2413 597 2454 m
625 2389 812 2467 sacris,
843 2391 1045 2472 quod
1029 2413 1091 2452 m
1115 2389 1392 2473 auspiciis,
1415 2389 1572 2471 quod

350 2501 426 2544 au
454 2477 675 2560 legibus
710 2475 799 2556 fit,
827 2493 886 2538 te
916 2479 1204 2540 tribunum
1239 2477 1418 2564 plebis
1449 2495 1573 2539 non

322 2563 548 2638 ‘fulffel
580 2580 761 2649 atque
792 2585 902 2648 ego
937 2566 1048 2632 hoe
1081 2579 1270 2632 totum
1301 2583 1426 2632 non
1455 2561 1576 2634 fine
