1717 3075
322 157 443 201 200
534 142 1285 206 DE·HARUSPIGUM

320 244 639 303 Hei-macho
678 244 825 303 chio
852 239 1192 322 syngraphas
1227 240 1358 303 fecit
1375 262 1394 301 e
1423 262 1518 303 ec·

320 326 457 405 quid
486 326 641 403 sciat,
670 348 841 389 unum
873 330 1198 403 acerrimum
1220 326 1520 389 adversari-

316 434 413 473 um
436 415 752 489 Hermachi,
766 412 1166 485 Theodofium‚
1187 414 1428 491 legatum
1443 414 1518 477 ad

316 498 561 561 senatum
578 522 611 559 a
624 502 849 561 civitate
862 502 1034 561 libera
1047 498 1382 575 miffum‚fica
1395 522 1520 581 per·

317 584 523 645 cussum
546 588 567 645 ἓ
594 587 745 666 quod
776 608 898 647 non
921 588 1132 660 minut,
1155 606 1320 666 quam
1347 587 1418 647 de
1433 594 1518 647 A·

314 670 982 751 lexandrinis,indignum
997 672 1102 731 diis
1119 673 1518 735 immortalibus

316 756 421 817 effe
438 756 635 833 visum,
650 775 803 819 certo
820 758 950 819 scio.
999 780 1104 819 nec
1117 758 1346 819 confero
1361 778 1518 821 nunc

317 844 381 903 in
405 859 461 905 te
475 865 649 905 unum
662 847 874 905 omnia.
898 844 1020 926 spes
1035 846 1214 923 major
1233 843 1362 905 effet
1375 843 1518 905 salu-

319 932 421 1006 tiz,
441 929 503 1006 fi,
534 947 750 1011 praeter
780 947 853 1007 te,
891 953 1058 991 nemo
1077 930 1208 991 esset
1243 934 1514 1013 impurus.

318 1016 505 1097 plures
514 1014 663 1079 sunt.
676 1021 785 1079 hoc
798 1034 856 1079 et
875 1034 938 1079 tu
954 1020 1056 1079 tibi
1067 1016 1302 1079 confidis
1317 1020 1520 1097 magis,

316 1118 377 1163 et
390 1123 497 1163 nos
513 1106 821 1184 propejure
836 1104 1155 1165 diffidimus.
1187 1105 1314 1182 quis
1329 1103 1518 1165 Plato-

320 1208 437 1249 rem
458 1210 533 1249 εκ
562 1190 827 1267 Orestide,
856 1210 995 1270 quae
1017 1211 1145 1269 pars
1163 1188 1522 1251 Macedoniae

316 1274 489 1335 libera
524 1279 811 1339 hominem
837 1280 900 1337 in
923 1276 1031 1337 illis
1061 1276 1202 1337 locis
1225 1274 1432 1337 clarum
1453 1296 1522 1337 ac

320 1362 591 1439 nobilem,
607 1364 851 1441 legatum
867 1362 1311 1423 Thessalonicam
1327 1361 1397 1421 ad
1411 1382 1519 1423 no-

320 1446 488 1509 strum
512 1449 613 1520 (ut
646 1449 829 1530 seipse
863 1448 1196 1529 appellavit)
1219 1450 1520 1528 imperato·

320 1556 439 1596 rem
461 1536 663 1597 veniffe
696 1536 908 1598 nescit?
955 1557 1121 1616 quem
1144 1534 1256 1610 ille,
1292 1550 1524 1616 propter

319 1625 633 1703 pecuniam,
662 1645 827 1704 quam
851 1623 918 1682 ab
949 1641 1016 1682 eo
1045 1637 1375 1702 extorquere
1397 1643 1520 1682 non

322 1724 563 1787 poterat,
582 1712 642 1770 in
662 1707 886 1770 vincula
899 1709 1161 1786 conjecit,
1175 1722 1234 1768 et
1247 1708 1522 1769 medicum

317 1794 617 1856 intromifit
638 1795 813 1870 suum,
834 1795 933 1874 qui
955 1794 1158 1874 legate,
1181 1793 1354 1870 socie,
1383 1796 1522 1856 ami-

321 1899 415 1955 co,
447 1881 623 1941 libero
652 1881 946 1943 foediffime
967 1896 1024 1941 et
1051 1880 1405 1941 crudelissime
1424 1902 1524 1942 ve·

320 1985 427 2027 nas
442 1967 732 2030 incideret.
755 1966 962 2028 secures
979 1965 1099 2026 suas
1121 1970 1398 2028 cruentari
1415 1965 1525 2028 sce-

321 2051 437 2117 lere
456 2055 679 2117 noluit·
702 2074 909 2114 nomen
933 2053 1156 2132 quidem
1186 2053 1378 2134 populi
1401 2060 1520 2114 Ro-

323 2141 476 2200 mani
501 2155 655 2200 tanto
686 2137 882 2202 scelere
905 2142 1332 2214 contaminavit,
1370 2155 1432 2200 ut
1459 2139 1523 2200 id

320 2225 475 2286 nulla
489 2245 547 2284 re
564 2226 742 2306 ponit,
758 2225 858 2288 nifi
873 2224 1036 2306 ipfius
1052 2223 1342 2306 supplicia,
1361 2228 1522 2307 expi-

326 2313 431 2371 ari.
476 2313 667 2390 quales
688 2315 837 2372 hunc
852 2311 1134 2372 carnifices
1157 2328 1412 2390 putamus
1428 2316 1526 2374 ha·
1571 2361 1576 2365 .

323 2397 477 2470 bere,
498 2400 596 2475 qui
626 2401 791 2458 etiam
818 2397 1048 2460 medicis
1079 2395 1190 2456 suis
1221 2419 1342 2458 non
1357 2398 1426 2457 ad
1441 2395 1524 2457 sa-

315 2479 515 2560 lutem,
530 2482 620 2546 sed
632 2483 703 2546 ad
721 2503 914 2546 necem
928 2497 1113 2548 utatur
1132 2483 1154 2544 ἓ
1267 2482 1374 2546 Sed
1387 2485 1524 2546 teci·
1541 2503 1600 2552 ,17
