1717 3075
385 200 462 259 28
699 203 1123 260 ORATIO
1186 201 1237 260 I»

383 313 640 379 trumque
659 297 959 376 memoria‚'
972 304 1168 361 tertius
1188 315 1319 361 ante
1340 319 1434 361 me
1449 322 1587 363 con-

383 384 572 445 sularis
589 430 608 460 ,
655 385 817 460 subiit
854 389 1276 466 indigniffimam
1298 386 1587 448 fortunam

381 473 821 554 praestantissima
844 471 938 533 sua
964 474 1163 552 gloria,
1194 472 1458 533 dissimssis
1482 475 1588 535 fuit

380 560 548 619 ratio.
575 580 692 619 non
711 563 858 619 enim
874 560 967 619 ille
986 559 1376 641 deprecatione
1400 560 1586 637 rediitj

379 644 474 705 sed
491 649 549 705 in
568 622 797 705 diffensu
815 649 1292 721 civium‚exercitu
1308 645 1381 722 se,
1396 646 1587 707 armis-

375 752 492 811 que
515 736 818 793 revocavit.
860 753 949 792 me
968 750 1151 793 autem
1167 733 1379 793 nudum
1402 754 1435 790 a
1450 754 1585 813 pro·

364 821 607 899 pinquis
627 861 647 894 ,
693 820 846 879 nulla
885 822 1223 897 cognatione
1266 820 1546 879 munitum
1560 848 1585 894 ·,

378 906 539 965 nullo
556 926 835 966 armorum
852 927 917 965 ac
932 900 1209 966 tumultus·
1220 920 1391 980 metu,
1405 910 1479 965 C.
1495 909 1583 966 Pi-

381 990 558 1066 soniS,
571 994 760 1069 generi
781 994 912 1069 mei,
934 992 1126 1052 divina
1142 991 1405 1072 quaedam
1421 1008 1479 1051 et
1495 995 1583 1051 in-

377 1077 567 1138 audita
573 1081 1069 1159 auRorita3‚atque
1077 1081 1256 1139 virtus
1261 1124 1280 1155 ,
1292 1077 1585 1159 fratrisque

377 1167 488 1225 mei
504 1163 786 1225 miserrimi
809 1182 977 1246 atque
1000 1168 1196 1245 optimi
1224 1165 1586 1246 quotidianae

376 1250 652 1331 lacrymae
657 1251 966 1332 ‚sordesque
983 1252 1239 1331 lugubres
1258 1254 1468 1313 avobis
1484 1252 1585 1312 de·

375 1353 630 1419 precatae
646 1337 790 1399 sunt.
836 1338 1007 1399 frater
1020 1356 1139 1399 er-at
1162 1361 1330 1415 unua,
1361 1341 1460 1419 qui
1486 1338 1585 1399 suo

376 1424 632 1505 squalore
649 1424 854 1485 vestros
885 1427 1079 1486 oculos
1103 1428 1441 1487 inflecterent
1484 1428 1585 1507 qui

376 1512 479 1573 suo
501 1514 632 1574 fletu
663 1510 978 1573 desiderium
1003 1514 1130 1590 mei,
1148 1515 1585 1594 memoriamque

378 1616 698 1661 renovaret:
725 1602 822 1680 qui
839 1599 1113 1677 statuerat,
1132 1603 1404 1677 Quirites,
1420 1600 1459 1660 fi
1474 1621 1584 1661 vos

380 1685 580 1748 mefibi
596 1707 716 1746 non
741 1685 1123 1764 reddidiffetir»,
1148 1687 1381 1748 eandem
1404 1686 1585 1748 subire

379 1775 687 1834 fortunam:
713 1789 774 1832 et
789 1789 949 1833 tanto
972 1776 1031 1834 in
1056 1795 1145 1834 me
1166 1794 1353 1836 amore
1367 1777 1585 1852 extitit,

379 1877 446 1920 ut
468 1877 696 1938 negaret
713 1859 797 1919 fas
819 1859 923 1920 ess'e
938 1883 1058 1921 non
1076 1861 1247 1922 modo
1270 1861 1583 1938 domicilio,

379 1947 472 2008 sed
495 1969 567 2006 ne
590 1945 836 2028 sepulcro
859 1948 1084 2028 quidem
1106 1948 1159 2008 se
1189 1971 1221 2008 a
1249 1971 1338 2008 me
1366 1945 1469 2008 esse
1500 1947 1579 2009 se·

373 2035 651 2114 junelum.
699 2055 804 2114 pro
819 2055 907 2094 me
923 2033 1202 2114 praesente
1216 2034 1459 2111 senatus,
1476 2039 1580 2094 ho·

377 2123 706 2202 suinumque
725 2137 999 2203 praeterea
1014 2124 1217 2200 viginti
1231 2123 1425 2195 millia,
1448 2119 1582 2181 ‘ves-

377 2224 492 2268 tem
511 2214 899 2268 mutaverunt:
923 2229 1028 2288 pro
1043 2209 1236 2269 eodem
1258 2229 1348 2268 me
1362 2207 1582 2270 absente

371 2296 546 2355 unius
569 2293 877 2375 squalorem
906 2293 1195 2376 sordesque
1223 2293 1451 2356 vidistis,
1512 2315 1581 2354 u·

379 2402 491 2440 nus
507 2384 618 2457 hic,
641 2383 738 2460 qui
761 2381 937 2456 domi,
960 2383 1057 2461 qui
1083 2384 1145 2441 in
1168 2380 1295 2443 foro
1311 2379 1485 2461 poss'et
1498 2377 1579 2440 es-

371 2465 471 2542 se„
481 2469 616 2527 mihi
636 2468 838 2548 pietate
855 2464 1001 2528 filius
1016 2471 1280 2528 inventus
1295 2466 1390 2544 est,
1408 2469 1580 2527 bene·-

362 2553 510 2620 -ficio
521 2575 748 2638 patena,
761 2575 949 2618 amore
962 2553 1132 2634 idem,
1146 2559 1245 2639 qui
1267 2553 1476 2638 semper
1488 2553 1581 2618 fiz-
