1717 3075
276 228 404 291 satis
429 230 702 292 audaciter
725 248 907 312 petere
930 229 1168 313 poss'emt
1195 248 1371 309 neque
1398 228 1478 289 11-

276 316 330 377 le
342 361 361 393 ,
402 334 491 378 tot
525 318 917 399 suspicionibus
964 333 1239 377 certorum
1285 318 1491 387 homir'

278 424 414 463 num
445 421 502 465 et
543 402 737 476 scelere
773 405 1136 477 exulceratus,
1176 422 1316 481 quae
1354 422 1480 461 me·

275 510 372 549 um
389 506 602 575 tempu}
628 490 941 567 postularet,
964 488 1088 548 satis
1114 488 1331 568 prolixe
1361 488 1473 545 mi-

277 578 338 635 hi
369 577 742 655 polliceretur.
803 576 930 635 data
961 593 1167 634 merces
1200 573 1275 633 est
1310 592 1475 635 erro·

277 664 354 720 ris
385 664 490 721 mei
519 682 746 739 magna,
777 660 1103 735 Pontifices,
1138 676 1201 720 ut
1229 678 1318 719 me
1348 679 1474 719 non

279 745 456 806 solum
495 750 677 827 pigeat
690 746 951 806 stultitiae
972 767 1141 825 meae,
1178 745 1267 805 sed
1303 746 1487 805 etiam·

279 828 504 911 pude'att
529 836 646 912 qui,
664 854 786 893 eum
801 854 889 893 rne
908 855 1026 892 non
1044 834 1389 914 repentinum
1404 850 1469 889 a·

279 918 474 999 liquod
496 940 675 980 meum
693 935 929 999 ternpus,
954 919 1041 979 sed
1056 931 1265 979 veteres
1290 916 1473 976 multo

281 1020 410 1064 ante
432 1004 658 1085 suscepti
673 1021 728 1064 et
749 1005 950 1085 provifi
966 1007 1203 1079 labores,
1226 1024 1349 1062 cum
1378 1004 1489 1062 vi·-

279 1110 348 1149 ro
365 1091 646 1151 fortiffimo
669 1108 723 1151 et
737 1092 1021 1152 clarissimo
1036 1087 1475 1167 conjunxiffiana

281 1176 378 1237 fim
394 1175 568 1257 paffus
587 1198 618 1236 a
639 1178 736 1236 tali
755 1180 994 1238 amicitia
1008 1177 1225 1237 distrahi
1245 1198 1263 1248 ς
1290 1194 1491 1253 ιιεςιιε»

280 1263 670 1337 intellexerim,
695 1266 895 1342 quibus
924 1279 1021 1323 aut
1050 1279 1112 1322 ut
1134 1264 1337 1342 apertis
1358 1262 1470 1319 ini-

281 1351 438 1411 micis
455 1348 779 1426 obsisterem,
798 1365 893 1409 aut
913 1365 979 1408 ut
1002 1348 1262 1419 infidiofis
1280 1348 1473 1405 amicis

283 1456 404 1496 non
420 1435 957 1517 crederem.proinde
967 1434 1473 1511 definantaliquan-

284 1523 360 1583 do
376 1544 463 1581 me
476 1521 660 1584 iisdem
679 1524 1015 1583 inflammare
1028 1524 1231 1583 verbis:
1242 1520 1387 1596 Quid
1404 1517 1471 1579 fi-

283 1612 338 1669 bi
361 1607 454 1668 iste
469 1611 590 1668 vult
610 1612 631 1668 ?
657 1609 848 1685 nescit,
874 1625 1139 1688 quantum
1155 1610 1475 1668 aut-‘toritate

283 1695 485 1768 valeat,
515 1715 654 1774 quas
677 1717 764 1755 res
798 1695 1033 1774 gesserit,
1064 1716 1173 1774 qua
1202 1695 1501 1772 dignitate·

281 1779 348 1842 fit
363 1779 656 1840 restitutust
671 1803 766 1841 cur
783 1799 947 1842 ornat
964 1803 1108 1856 eum,
1126 1803 1156 1840 a
1170 1802 1283 1860 quo
1298 1777 1473 1839 deser·

286 1881 376 1926 tus
401 1865 516 1925 est?
543 1889 646 1945 ego
669 1889 804 1928 vero
835 1889 1013 1947 neque
1042 1889 1130 1928 me
1150 1885 1267 1926 tum
1298 1865 1501 1924 deser-⁹

285 1968 402 2012 tum
428 1969 584 2031 puto,
616 1951 705 2013 sed
723 1975 863 2033 pene
887 1953 1159 2013 dediturm
1186 1974 1309 2024 nec,
1332 1972 1481 2030 quae

286 2037 394 2098 smt
415 2040 473 2096 in
491 2039 582 2097 illa
600 2040 920 2118 reipublicae
944 2041 1159 2100 flamma
1178 2038 1319 2117 gesta
1334 2059 1475 2098 con·

285 2140 370 2184 tra
412 2146 522 2198 me,
573 2147 751 2205 neque
795 2126 1101 2204 quomode,
1156 2145 1333 2204 neque
1376 2145 1478 2204 per

286 2229 452 2288 quos,
479 2211 913 2286 patefaciendum
930 2215 1070 2272 mihi·
1092 2210 1195 2270 effe
1216 2213 1472 2271 arbitror.

285 2294 326 2354 fi
341 2296 474 2354 utile
489 2298 812 2375 reipubkicae
828 2297 953 2371 fuit,
976 2300 1187 2356 haurire
1202 2317 1287 2355 me
1303 2315 1498 2355 unum·

287 2400 392 2460 pro
423 2384 684 2441 omnibus
714 2382 863 2443 illam
886 2383 1303 2459 indigniffimam
1332 2381 1477 2440 cala-

273 2466 530 2528 mitatem
545 2489 560 2526 ε
585 2470 750 2529 etiam
773 2472 882 2529 hoc
896 2467 1031 2528 utile
1044 2466 1132 2545 fit,
1164 2487 1399 2547 quorum
1416 2464 1485 2530 ἰὰ

276 154 354 211 92
555 138 915 195 ORAT10
960 138 1125 193 PRo
