1717 3075
333 218 445 262 222
546 204 669 261 DE
712 202 1318 261 HARUSPICUM

329 322 451 361 non
474 297 828 381 suscepissem,
846 300 998 375 non‚'
1009 299 1258 379 inquam,
1275 295 1375 359 nifi
1389 298 1550 359 bano

326 385 644 469 personam,
666 403 722 447 et
732 390 835 447 has
852 401 1059 467 partes,
1089 387 1394 447 honoribus
1429 405 1542 465 po·

327 474 443 555 puli
465 476 724 549 Romani,
740 474 932 534 vestris
955 473 1207 555 plurimis
1232 491 1544 533 ornamen-

328 564 405 619 tis
422 562 555 620 mihi
575 562 819 638 tributis-0,
842 560 1116 635 deberem,
1139 577 1196 618 et
1210 558 1410 641 poffem
1429 556 1550 617 sus-

328 648 527 707 tinere.
575 645 667 706 sed
699 662 880 706 tamen
905 645 1063 706 facile
1086 647 1386 717 tacentibus
1411 665 1548 703 cae-

328 736 488 807 teris,
506 732 828 793 reticuiffem
851 755 869 792 ε
893 730 982 791 sed
1000 735 1132 791 haec
1147 734 1327 791 oratio
1345 733 1546 793 omnis

328 818 437 879 fuit
454 840 571 877 non
603 820 947 879 aut‘toritatis
971 838 1143 894 meae,
1173 817 1260 877 sed
1284 816 1549 897 publicae

328 906 643 985 religionis.
690 926 809 965 mea
848 904 1076 963 fuerunt
1115 907 1280 965 verba
1313 902 1546 965 fortass'e

327 992 527 1073 plura:
552 991 853 1052 sententiae
874 991 1098 1071 quidem
1129 1011 1323 1051 omnes
1345 988 1546 1049 harus-

328 1081 513 1161 picum
534 1100 552 1138 z
578 1078 645 1138 ad
676 1098 821 1159 quos
842 1092 937 1137 aut
955 1076 1146 1137 referri
1163 1079 1412 1137 nuntiata
1440 1077 1547 1137 os-

329 1180 491 1225 tenta
506 1186 626 1226 non
646 1166 939 1239 convenit,
964 1179 1061 1223 aut
1090 1184 1280 1224 eorum
1305 1160 1544 1243 respon·

327 1250 400 1313 fis
422 1252 763 1313 commoveri
797 1248 1005 1311 neceffe
1027 1248 1122 1311 est.
1169 1248 1323 1330 quod
1345 1247 1384 1309 fi
1405 1271 1544 1310 cae-

330 1353 450 1401 tera
468 1339 641 1417 magis
663 1337 986 1418 pervulgata
1002 1356 1109 1396 nos
1127 1334 1301 1419 saepe,
1323 1351 1377 1395 et
1392 1335 1545 1396 levi·

331 1446 433 1489 ora
450 1439 766 1486 moverunt:
791 1444 912 1483 vox
925 1421 1038 1503 ipsa
1053 1422 1284 1485 deorum
1302 1424 1542 1483 immor·

330 1511 525 1576 talium
562 1532 682 1572 non
720 1526 930 1582 mentes
959 1510 1212 1572 omnium
1244 1528 1546 1591 permove-

330 1600 415 1659 bit
440 1601 461 1657 ?
489 1599 666 1659 nolite
680 1600 830 1658 enim
847 1597 904 1657 id
929 1613 1122 1677 putare
1137 1598 1377 1658 accidere
1407 1596 1558 1673 pos·‘

329 1683 407 1760 se,
438 1685 591 1764 quod
617 1687 675 1744 in
701 1685 900 1746 fabulis
916 1683 1071 1765 saepe
1088 1685 1286 1745 videtis
1303 1683 1442 1758 fieri,
1473 1699 1544 1747 ut

328 1771 465 1832 deus
482 1773 681 1852 aliquis
698 1771 944 1852 delapsus
967 1792 998 1830 e
1013 1770 1192 1846 coelo,
1221 1786 1410 1831 coetus
1427 1772 1542 1831 ho·

328 1860 541 1920 minum
560 1858 737 1934 adeat,
754 1856 996 1918 versetur
1009 1859 1069 1917 in
1086 1859 1272 1933 terris,
1289 1877 1412 1918 cum
1427 1858 1540 1918 ho-

328 1947 572 2008 minibus
587 1945 957 2025 colloquatur.
995 1947 1236 2022 cogitate
1253 1963 1428 2022 genus
1447 1941 1486 2001 s
1475 1964 1546 2003 o-

328 2032 485 2094 nitus
500 2032 813 2110 ejus,quem
828 2029 1171 2091 Latinienses
1185 2031 1546 2090 nuntiarunt:

328 2118 699 2180 recordamini
730 2117 868 2177 illud
887 2120 1074 2193 etiam,
1108 2117 1260 2197 quod
1285 2114 1546 2176 nondum

240 2201 253 2206 ⁵
328 2205 407 2266 est
428 2204 684 2280 telatum‚
716 2203 873 2283 quod
912 2203 1107 2263 eodem
1143 2202 1255 2262 fere
1287 2219 1545 2281 tempore

328 2291 503 2354 faetus
535 2294 595 2349 in
624 2311 759 2368 agro
784 2293 988 2350 Piceno
1007 2292 1293 2349 Potentiae
1310 2291 1542 2348 nuntia·

328 2393 423 2436 tur
446 2392 620 2434 terrae
636 2391 821 2436 motus
845 2375 1150 2450 horribilis,
1167 2396 1292 2435 cum
1310 2374 1540 2454 quibus-

329 2461 457 2521 dam
480 2461 691 2532 multis,
729 2461 1144 2540 metuendisque
1166 2463 1354 2522 tebus.
1401 2462 1542 2521 haec

332 2545 523 2610 eadem
559 2545 831 2626 profe6to,
870 2567 1010 2627 quae
1042 2547 1227 2608 futura
1265 2545 1543 2630 prospici·
