1717 3075
363 176 717 235 anema
761 177 1097 237 POETA.
1314 193 1359 251 ς

138 268 336 351 po'ffet‘.
395 268 572 331 statim
595 269 840 347 Luculii,
878 292 1002 333 cum
1034 286 1348 352 praetexta·

138 372 232 419 tus
245 359 412 417 etiam
427 373 547 417 tum
565 358 796 417 Archias
812 354 965 432 esset,
976 378 1103 419 eum
1118 357 1357 420 domum·

140 441 288 503 suam
303 458 650 524 receperunt.
695 441 788 503 sed
809 445 973 503 etiam
995 447 1103 505 hoc
1120 442 1349 506 muso·

139 528 254 589 lum
285 531 500 609 ingenfi
527 550 592 588 ac
613 528 918 604 literarum,
948 550 1142 591 verum
1172 533 1340 593 etiam

139 630 372 675 naturae
401 630 572 695 atque
605 616 827 674 virtutis
858 615 988 692 fuit,
1026 632 1093 677 ut
1120 616 1349 695 domus,

139 722 284 781 quae
311 702 478 779 hujus
519 699 919 762 adolescentiae
948 703 1125 781 prima
1152 703 1345 781 fuerit,

105 817 112 822 ·
137 786 331 847 eadem
353 786 480 847 ess‘et
493 785 892 847 familiariffima
912 786 1194 848 senectuti.
1226 806 1347 849 erat

138 875 485 953 temporibus
499 872 610 932 illis
622 873 906 951 jucundus
924 880 1000 950 Q.
1023 874 1249 935 Metello
1262 875 1349 935 illi

139 959 469 1033 Numidico,
483 974 539 1018 et
557 961 677 1037 ejus
693 962 792 1019 Pio
807 959 947 1021 filio:
979 961 1298 1021 audiebatur
1314 982 1349 1023 a

141 1052 230 1107 M.
255 1045 532 1107 Aemilio:
557 1048 778 1106 vivebat
794 1068 917 1107 cum
936 1055 1009 1123 Q,
1028 1047 1256 1123 Catulo,
1285 1065 1347 1111 et

137 1148 319 1215 patre,
334 1148 392 1192 et
407 1131 546 1193 filio:
565 1153 598 1191 a
613 1139 683 1193 L.
703 1132 891 1193 crasso
908 1134 1211 1193 colebatur:
1230 1141 1348 1195 Lu-

140 1219 320 1279 cullus
337 1239 498 1293 veto,
519 1233 577 1278 et
595 1216 860 1293 Drusum,
890 1234 947 1279 et
970 1222 1257 1296 oetavios,
1289 1237 1351 1283 et

141 1312 443 1378 Catonem,
476 1319 534 1364 et
568 1320 744 1365 totam
773 1304 1202 1366 Hortensiorum
1238 1305 1347 1367 do-

138 1411 290 1451 mum
306 1390 616 1452 devinetam
632 1387 1029 1451 consuet‘udine
1045 1412 1172 1453 cum
1188 1408 1345 1453 tene-

141 1493 250 1554 ret,
270 1476 602 1558 afficiebatur
617 1474 832 1539 summo
851 1480 1092 1553 honore,
1115 1477 1267 1558 quod
1283 1498 1345 1540 e-

142 1585 238 1624 um
253 1585 376 1625 non
391 1562 566 1624 solum
581 1563 864 1638 colebant,
890 1566 988 1644 qui
1004 1563 1207 1646 aliquid
1223 1585 1349 1645 per-

141 1652 325 1732 cipere
340 1667 508 1730 atque
529 1650 716 1710 audire
737 1649 1045 1728 stu‘debant,
1077 1671 1271 1712 verum
1286 1671 1347 1712 e-

96 1754 120 1794 4
144 1737 299 1812 tiam,
329 1735 372 1796 fi
394 1738 490 1817 qui
505 1735 650 1796 forte
661 1734 1008 1798 fimulabant.
1114 1739 1353 1798 Interim

141 1821 270 1884 fitis
297 1823 475 1902 longo
489 1821 812 1897 intervallo,
834 1843 961 1884 cum
980 1821 1109 1884 effet
1131 1843 1255 1884 cum
1274 1826 1359 1886 L..

141 1908 384 1971 Lucullo
397 1909 462 1970 in
476 1907 710 1968 Siciliam
735 1907 1034 1988 profectius,
1060 1925 1115 1967 et
1130 1929 1253 1968 cum
1273 1929 1351 1969 ex

141 2017 207 2055 ea
229 1995 526 2075 provincia
546 2013 672 2055 cum
695 1993 889 2054 eodem
923 1995 1157 2055 Lucullo
1186 1993 1359 2055 dece--

141 2081 320 2154 deret5
343 2081 498 2140 venit
521 2080 879 2140 Heraclea-m:
912 2101 1053 2160 quae
1076 2099 1200 2142 cum
1216 2077 1361 2142 effet-

139 2169 340 2228 civitaz
356 2166 666 2246 aequiffimo
674 2167 802 2244 jure
817 2187 887 2230 ac.
896 2167 1135 2242 foedere,
1152 2163 1363 2226 adseri--

139 2256 200 2314 bi
213 2251 268 2313 se
283 2253 346 2311 in
362 2273 480 2312 eam
496 2253 780 2312 civitatem
794 2253 995 2314 voluit:
1014 2253 1202 2332 idque,
1216 2273 1353 2314 cum.-

142 2337 257 2418 ipse
279 2358 378 2417 per
398 2335 452 2397 se
467 2337 667 2416 dignus
687 2354 995 2418 putaretur,
1016 2353 1135 2398 turn
1150 2343 1349 2400 aneto*

144 2427 306 2484 ritate
343 2439 400 2482 et
435 2425 610 2501 gratia
640 2423 860 2484 Luculli
892 2430 959 2485 ab
982 2421 1344 2484 Heracliensi-

143 2511 246 2572 bus
268 2511 607 2595 irppetravit.
654 2509 784 2570 data
805 2509 882 2572 est
910 2512 1105 2574 civitas
1136 2509 1347 2571 Silvani
