<?xml version="1.0" encoding="UTF-8"?>
<!DOCTYPE html PUBLIC "-//W3C//DTD XHTML 1.0 Transitional//EN"
    "http://www.w3.org/TR/xhtml1/DTD/xhtml1-transitional.dtd">
<html xmlns="http://www.w3.org/1999/xhtml" xml:lang="en" lang="en">
 <head>
  <title>
</title>
<meta http-equiv="Content-Type" content="text/html;charset=utf-8" />
  <meta name='ocr-system' content='tesseract 3.04.00' />
  <meta name='ocr-capabilities' content='ocr_page ocr_carea ocr_par ocr_line ocrx_word'/>
</head>
<body>
  <div class='ocr_page' id='page_1' title='image "./mtulliiciceroni05unkngoog_0257.png"; bbox 0 0 1717 3075; ppageno 0'>
   <div class='ocr_carea' id='block_1_1' title="bbox 49 181 1359 2598">
    <p class='ocr_par' dir='ltr' id='par_1_1' title="bbox 49 181 1359 2598">
     <span class='ocr_line' id='line_1_1' title="bbox 355 181 1355 260; baseline 0.004 -22"><span class='ocrx_word' id='word_1_1' title='bbox 355 183 366 192; x_wconf 86' lang='lat'>&#39;</span> <span class='ocrx_word' id='word_1_2' title='bbox 428 181 1075 246; x_wconf 71' lang='lat' dir='ltr'>GN.·P1.·.ANCI·0.</span> <span class='ocrx_word' id='word_1_3' title='bbox 1232 197 1355 260; x_wconf 71' lang='lat'>245:</span> 
     </span>
     <span class='ocr_line' id='line_1_2' title="bbox 49 275 1356 360; baseline 0.004 -22"><span class='ocrx_word' id='word_1_4' title='bbox 49 291 54 298; x_wconf 83' lang='grc'>·</span> <span class='ocrx_word' id='word_1_5' title='bbox 151 275 498 360; x_wconf 65' lang='lat' dir='ltr'>splendorem</span> <span class='ocrx_word' id='word_1_6' title='bbox 515 279 740 338; x_wconf 77' lang='lat' dir='ltr'>maculis</span> <span class='ocrx_word' id='word_1_7' title='bbox 765 277 1001 360; x_wconf 83' lang='lat' dir='ltr'>aspergis</span> <span class='ocrx_word' id='word_1_8' title='bbox 1022 277 1133 338; x_wconf 79' lang='lat' dir='ltr'>istis</span> <span class='ocrx_word' id='word_1_9' title='bbox 1156 280 1177 338; x_wconf 87' lang='lat'>?</span> <span class='ocrx_word' id='word_1_10' title='bbox 1203 279 1356 357; x_wconf 66' lang='lat' dir='ltr'>jacis</span> 
     </span>
     <span class='ocr_line' id='line_1_3' title="bbox 152 365 1357 446; baseline -0.002 -20"><span class='ocrx_word' id='word_1_11' title='bbox 152 365 446 440; x_wconf 76' lang='lat' dir='ltr'>adulteria,</span> <span class='ocrx_word' id='word_1_12' title='bbox 468 387 607 446; x_wconf 85' lang='lat' dir='ltr'>quae</span> <span class='ocrx_word' id='word_1_13' title='bbox 622 387 787 426; x_wconf 86' lang='lat' dir='ltr'>nemo</span> <span class='ocrx_word' id='word_1_14' title='bbox 813 387 931 426; x_wconf 88' lang='lat' dir='ltr'>non</span> <span class='ocrx_word' id='word_1_15' title='bbox 963 365 1133 426; x_wconf 87' lang='lat' dir='ltr'>modo</span> <span class='ocrx_word' id='word_1_16' title='bbox 1168 368 1357 438; x_wconf 36' lang='lat' dir='ltr'>nomi-</span> 
     </span>
     <span class='ocr_line' id='line_1_4' title="bbox 154 449 1355 532; baseline -0.002 -20"><span class='ocrx_word' id='word_1_17' title='bbox 154 472 253 526; x_wconf 86' lang='lat' dir='ltr'>ne,</span> <span class='ocrx_word' id='word_1_18' title='bbox 278 450 366 510; x_wconf 86' lang='lat' dir='ltr'>sed</span> <span class='ocrx_word' id='word_1_19' title='bbox 395 473 466 510; x_wconf 89' lang='lat' dir='ltr'>ne</span> <span class='ocrx_word' id='word_1_20' title='bbox 489 449 788 531; x_wconf 84' lang='lat' dir='ltr'>suspicione</span> <span class='ocrx_word' id='word_1_21' title='bbox 809 452 1032 531; x_wconf 88' lang='lat' dir='ltr'>quidem</span> <span class='ocrx_word' id='word_1_22' title='bbox 1064 453 1221 532; x_wconf 83' lang='lat' dir='ltr'>poffit</span> <span class='ocrx_word' id='word_1_23' title='bbox 1242 471 1355 530; x_wconf 53' lang='lat' dir='ltr'>‘agf</span> 
     </span>
     <span class='ocr_line' id='line_1_5' title="bbox 151 536 1357 617; baseline -0.001 -19"><span class='ocrx_word' id='word_1_24' title='bbox 151 536 398 598; x_wconf 86' lang='lat' dir='ltr'>noscere.</span> <span class='ocrx_word' id='word_1_25' title='bbox 444 540 756 596; x_wconf 84' lang='lat' dir='ltr'>bimaritum</span> <span class='ocrx_word' id='word_1_26' title='bbox 796 538 1059 617; x_wconf 87' lang='lat' dir='ltr'>appellas,</span> <span class='ocrx_word' id='word_1_27' title='bbox 1090 553 1153 596; x_wconf 89' lang='lat' dir='ltr'>ut</span> <span class='ocrx_word' id='word_1_28' title='bbox 1185 542 1357 604; x_wconf 64' lang='lat' dir='ltr'>verba</span> 
     </span>
     <span class='ocr_line' id='line_1_6' title="bbox 152 622 1357 702; baseline 0.002 -20"><span class='ocrx_word' id='word_1_29' title='bbox 152 623 358 702; x_wconf 81' lang='lat' dir='ltr'>fingas,</span> <span class='ocrx_word' id='word_1_30' title='bbox 373 645 492 682; x_wconf 84' lang='lat' dir='ltr'>non</span> <span class='ocrx_word' id='word_1_31' title='bbox 517 622 687 682; x_wconf 89' lang='lat' dir='ltr'>solum</span> <span class='ocrx_word' id='word_1_32' title='bbox 711 625 963 682; x_wconf 86' lang='lat' dir='ltr'>crimina.</span> <span class='ocrx_word' id='word_1_33' title='bbox 1010 624 1228 682; x_wconf 63' lang='lat' dir='ltr'>duetum</span> <span class='ocrx_word' id='word_1_34' title='bbox 1242 623 1357 692; x_wconf 71' lang='lat' dir='ltr'>effe.</span> 
     </span>
     <span class='ocr_line' id='line_1_7' title="bbox 153 794 1357 874; baseline -0.001 -16"><span class='ocrx_word' id='word_1_35' title='bbox 153 798 246 858; x_wconf 88' lang='lat' dir='ltr'>nis</span> <span class='ocrx_word' id='word_1_36' title='bbox 269 795 454 855; x_wconf 82' lang='lat' dir='ltr'>causa:</span> <span class='ocrx_word' id='word_1_37' title='bbox 482 794 632 874; x_wconf 88' lang='lat' dir='ltr'>quod</span> <span class='ocrx_word' id='word_1_38' title='bbox 648 817 765 854; x_wconf 84' lang='lat' dir='ltr'>non</span> <span class='ocrx_word' id='word_1_39' title='bbox 783 798 993 856; x_wconf 81' lang='lat' dir='ltr'>crimen</span> <span class='ocrx_word' id='word_1_40' title='bbox 1008 794 1103 872; x_wconf 87' lang='lat' dir='ltr'>est,</span> <span class='ocrx_word' id='word_1_41' title='bbox 1134 795 1222 856; x_wconf 87' lang='lat' dir='ltr'>sed</span> <span class='ocrx_word' id='word_1_42' title='bbox 1245 799 1357 870; x_wconf 64' lang='lat' dir='ltr'>int-2</span> 
     </span>
     <span class='ocr_line' id='line_1_8' title="bbox 154 880 1357 964; baseline 0 -24"><span class='ocrx_word' id='word_1_43' title='bbox 154 884 410 964; x_wconf 82' lang='lat' dir='ltr'>punitum</span> <span class='ocrx_word' id='word_1_44' title='bbox 441 884 502 940; x_wconf 84' lang='lat' dir='ltr'>in</span> <span class='ocrx_word' id='word_1_45' title='bbox 525 880 794 940; x_wconf 85' lang='lat' dir='ltr'>maledico</span> <span class='ocrx_word' id='word_1_46' title='bbox 815 881 1176 940; x_wconf 83' lang='lat' dir='ltr'>mendacium.</span> <span class='ocrx_word' id='word_1_47' title='bbox 1224 903 1357 963; x_wconf 87' lang='lat' dir='ltr'>rap-</span> 
     </span>
     <span class='ocr_line' id='line_1_9' title="bbox 152 967 1355 1046; baseline 0.004 -20"><span class='ocrx_word' id='word_1_48' title='bbox 152 984 270 1044; x_wconf 77' lang='lat' dir='ltr'>tam</span> <span class='ocrx_word' id='word_1_49' title='bbox 285 967 387 1026; x_wconf 83' lang='lat' dir='ltr'>effe</span> <span class='ocrx_word' id='word_1_50' title='bbox 403 968 716 1040; x_wconf 77' lang='lat' dir='ltr'>mimulam·</span> <span class='ocrx_word' id='word_1_51' title='bbox 743 967 897 1046; x_wconf 85' lang='lat' dir='ltr'>quod</span> <span class='ocrx_word' id='word_1_52' title='bbox 922 967 1126 1028; x_wconf 86' lang='lat' dir='ltr'>dicitur</span> <span class='ocrx_word' id='word_1_53' title='bbox 1150 971 1355 1031; x_wconf 71' lang='lat' dir='ltr'>Atinae</span> 
     </span>
     <span class='ocr_line' id='line_1_10' title="bbox 150 1053 1355 1154; baseline 0.002 -42"><span class='ocrx_word' id='word_1_54' title='bbox 150 1054 354 1118; x_wconf 61' lang='lat' dir='ltr'>faetum</span> <span class='ocrx_word' id='word_1_55' title='bbox 372 1075 403 1111; x_wconf 90' lang='lat' dir='ltr'>a</span> <span class='ocrx_word' id='word_1_56' title='bbox 420 1053 654 1154; x_wconf 67' lang='lat' dir='ltr'>juvene,</span> <span class='ocrx_word' id='word_1_57' title='bbox 680 1069 860 1112; x_wconf 88' lang='lat' dir='ltr'>vetere</span> <span class='ocrx_word' id='word_1_58' title='bbox 891 1053 1163 1132; x_wconf 87' lang='lat' dir='ltr'>quodam</span> <span class='ocrx_word' id='word_1_59' title='bbox 1148 1075 1205 1112; x_wconf 87' lang='lat' dir='ltr'><strong>m</strong></span> <span class='ocrx_word' id='word_1_60' title='bbox 1238 1054 1355 1116; x_wconf 81' lang='lat' dir='ltr'>sce-</span> 
     </span>
     <span class='ocr_line' id='line_1_11' title="bbox 151 1139 1354 1219; baseline 0.002 -20"><span class='ocrx_word' id='word_1_61' title='bbox 151 1142 320 1200; x_wconf 78' lang='lat' dir='ltr'>nicos</span> <span class='ocrx_word' id='word_1_62' title='bbox 336 1141 488 1216; x_wconf 86' lang='lat' dir='ltr'>jure,</span> <span class='ocrx_word' id='word_1_63' title='bbox 510 1141 856 1218; x_wconf 79' lang='lat' dir='ltr'><strong>maximeque</strong></span> <span class='ocrx_word' id='word_1_64' title='bbox 881 1139 1184 1219; x_wconf 79' lang='lat' dir='ltr'>oppidano·</span> <span class='ocrx_word' id='word_1_65' title='bbox 1234 1143 1273 1202; x_wconf 80' lang='grc' dir='ltr'><strong>ὁ</strong></span> <span class='ocrx_word' id='word_1_66' title='bbox 1292 1163 1354 1202; x_wconf 86' lang='lat' dir='ltr'>a·</span> 
     </span>
     <span class='ocr_line' id='line_1_12' title="bbox 151 1224 1355 1304; baseline 0 -16"><span class='ocrx_word' id='word_1_67' title='bbox 151 1224 542 1288; x_wconf 88' lang='lat' dir='ltr'>dolescentiam</span> <span class='ocrx_word' id='word_1_68' title='bbox 575 1225 877 1284; x_wconf 68' lang='lat' dir='ltr'>traduetam</span> <span class='ocrx_word' id='word_1_69' title='bbox 910 1226 1219 1304; x_wconf 79' lang='lat' dir='ltr'>eleganter!</span> <span class='ocrx_word' id='word_1_70' title='bbox 1262 1229 1355 1288; x_wconf 79' lang='lat' dir='ltr'>cui</span> 
     </span>
     <span class='ocr_line' id='line_1_13' title="bbox 150 1310 1355 1397; baseline 0 -25"><span class='ocrx_word' id='word_1_71' title='bbox 150 1312 378 1397; x_wconf 83' lang='lat' dir='ltr'>quidem</span> <span class='ocrx_word' id='word_1_72' title='bbox 403 1333 549 1385; x_wconf 89' lang='lat' dir='ltr'>cum,</span> <span class='ocrx_word' id='word_1_73' title='bbox 585 1310 736 1389; x_wconf 90' lang='lat' dir='ltr'>quod</span> <span class='ocrx_word' id='word_1_74' title='bbox 769 1311 1006 1387; x_wconf 79' lang='lat' dir='ltr'>licuerit,</span> <span class='ocrx_word' id='word_1_75' title='bbox 1036 1313 1355 1389; x_wconf 82' lang='lat' dir='ltr'>objiciatur,</span> 
     </span>
     <span class='ocr_line' id='line_1_14' title="bbox 149 1395 1353 1476; baseline -0.002 -16"><span class='ocrx_word' id='word_1_76' title='bbox 149 1414 340 1460; x_wconf 83' lang='lat' dir='ltr'>tamen</span> <span class='ocrx_word' id='word_1_77' title='bbox 357 1397 414 1455; x_wconf 89' lang='lat' dir='ltr'>id</span> <span class='ocrx_word' id='word_1_78' title='bbox 429 1395 600 1476; x_wconf 89' lang='lat' dir='ltr'>ipsum</span> <span class='ocrx_word' id='word_1_79' title='bbox 617 1395 804 1456; x_wconf 86' lang='lat' dir='ltr'>falsum</span> <span class='ocrx_word' id='word_1_80' title='bbox 822 1400 1146 1476; x_wconf 82' lang='lat' dir='ltr'>reperiatur.</span> <span class='ocrx_word' id='word_1_81' title='bbox 1192 1398 1353 1458; x_wconf 84' lang='lat' dir='ltr'>emis-</span> 
     </span>
     <span class='ocr_line' id='line_1_15' title="bbox 147 1481 1355 1565; baseline -0.001 -18"><span class='ocrx_word' id='word_1_82' title='bbox 147 1483 246 1547; x_wconf 79' lang='lat' dir='ltr'>sus</span> <span class='ocrx_word' id='word_1_83' title='bbox 265 1483 468 1565; x_wconf 79' lang='lat' dir='ltr'>aliquis</span> <span class='ocrx_word' id='word_1_84' title='bbox 492 1505 522 1542; x_wconf 89' lang='lat' dir='ltr'>e</span> <span class='ocrx_word' id='word_1_85' title='bbox 551 1503 782 1558; x_wconf 82' lang='lat' dir='ltr'>carcere,</span> <span class='ocrx_word' id='word_1_86' title='bbox 812 1499 869 1543; x_wconf 90' lang='lat' dir='ltr'>et</span> <span class='ocrx_word' id='word_1_87' title='bbox 893 1485 1112 1563; x_wconf 89' lang='lat' dir='ltr'>quidem</span> <span class='ocrx_word' id='word_1_88' title='bbox 1138 1481 1355 1546; x_wconf 81' lang='lat' dir='ltr'>emiffus</span> 
     </span>
     <span class='ocr_line' id='line_1_16' title="bbox 147 1569 1355 1653; baseline 0.001 -23"><span class='ocrx_word' id='word_1_89' title='bbox 147 1593 250 1653; x_wconf 80' lang='lat' dir='ltr'>per</span> <span class='ocrx_word' id='word_1_90' title='bbox 275 1570 719 1649; x_wconf 87' lang='lat' dir='ltr'>imprudentiam,</span> <span class='ocrx_word' id='word_1_91' title='bbox 744 1569 955 1629; x_wconf 78' lang='lat' dir='ltr'>emiss&#39;us</span> <span class='ocrx_word' id='word_1_92' title='bbox 990 1570 1083 1641; x_wconf 88' lang='lat' dir='ltr'>(ut</span> <span class='ocrx_word' id='word_1_93' title='bbox 1112 1572 1355 1649; x_wconf 70' lang='lat' dir='ltr'>cognos-</span> 
     </span>
     <span class='ocr_line' id='line_1_17' title="bbox 148 1652 1353 1736; baseline 0.002 -21"><span class='ocrx_word' id='word_1_94' title='bbox 148 1660 258 1733; x_wconf 83' lang='lat' dir='ltr'>tis)</span> <span class='ocrx_word' id='word_1_95' title='bbox 284 1652 559 1715; x_wconf 68' lang='lat' dir='ltr'>necessarii</span> <span class='ocrx_word' id='word_1_96' title='bbox 588 1656 853 1728; x_wconf 72' lang='lat' dir='ltr'>hominiS,</span> <span class='ocrx_word' id='word_1_97' title='bbox 888 1659 1193 1736; x_wconf 89' lang='lat' dir='ltr'>optimique</span> <span class='ocrx_word' id='word_1_98' title='bbox 1216 1659 1353 1717; x_wconf 90' lang='lat' dir='ltr'>ado-</span> 
     </span>
     <span class='ocr_line' id='line_1_18' title="bbox 145 1741 1353 1823; baseline 0.005 -24"><span class='ocrx_word' id='word_1_99' title='bbox 145 1741 402 1805; x_wconf 86' lang='lat' dir='ltr'>lescentis</span> <span class='ocrx_word' id='word_1_100' title='bbox 439 1757 670 1821; x_wconf 83' lang='lat' dir='ltr'>rogatu:</span> <span class='ocrx_word' id='word_1_101' title='bbox 656 1742 838 1800; x_wconf 88' lang='lat' dir='ltr'>·idem</span> <span class='ocrx_word' id='word_1_102' title='bbox 864 1743 1049 1823; x_wconf 90' lang='lat' dir='ltr'>postea</span> <span class='ocrx_word' id='word_1_103' title='bbox 1083 1748 1353 1823; x_wconf 67' lang='lat' dir='ltr'>praetoria,</span> 
     </span>
     <span class='ocr_line' id='line_1_19' title="bbox 146 1826 1357 1907; baseline 0.002 -19"><span class='ocrx_word' id='word_1_104' title='bbox 146 1826 416 1888; x_wconf 86' lang='lat' dir='ltr'>mandatu</span> <span class='ocrx_word' id='word_1_105' title='bbox 441 1826 748 1907; x_wconf 73' lang='lat' dir='ltr'>requisitus,</span> <span class='ocrx_word' id='word_1_106' title='bbox 795 1842 961 1907; x_wconf 82' lang='lat' dir='ltr'>atque</span> <span class='ocrx_word' id='word_1_107' title='bbox 977 1833 1127 1904; x_wconf 88' lang='lat' dir='ltr'>haec,</span> <span class='ocrx_word' id='word_1_108' title='bbox 1152 1852 1255 1890; x_wconf 86' lang='lat' dir='ltr'>nec</span> <span class='ocrx_word' id='word_1_109' title='bbox 1270 1831 1357 1889; x_wconf 88' lang='lat' dir='ltr'>ul·</span> 
     </span>
     <span class='ocr_line' id='line_1_20' title="bbox 71 1911 1356 1997; baseline 0.003 -26"><span class='ocrx_word' id='word_1_110' title='bbox 71 1994 78 1997; x_wconf 30' lang='grc'>-</span> <span class='ocrx_word' id='word_1_111' title='bbox 147 1911 475 1987; x_wconf 82' lang='lat' dir='ltr'>laalia,sunt</span> <span class='ocrx_word' id='word_1_112' title='bbox 492 1913 1033 1991; x_wconf 64' lang='lat' dir='ltr'>conjestamalediCta</span> <span class='ocrx_word' id='word_1_113' title='bbox 1052 1916 1108 1973; x_wconf 88' lang='lat' dir='ltr'>in</span> <span class='ocrx_word' id='word_1_114' title='bbox 1126 1920 1245 1993; x_wconf 87' lang='lat' dir='ltr'>ejus</span> <span class='ocrx_word' id='word_1_115' title='bbox 1269 1918 1356 1977; x_wconf 87' lang='lat' dir='ltr'>vi-</span> 
     </span>
     <span class='ocr_line' id='line_1_21' title="bbox 147 1999 1359 2079; baseline 0.006 -24"><span class='ocrx_word' id='word_1_116' title='bbox 147 2017 290 2077; x_wconf 74' lang='lat' dir='ltr'>tam,</span> <span class='ocrx_word' id='word_1_117' title='bbox 321 1999 390 2057; x_wconf 92' lang='lat' dir='ltr'>de</span> <span class='ocrx_word' id='word_1_118' title='bbox 405 2000 560 2077; x_wconf 88' lang='lat' dir='ltr'>cujus</span> <span class='ocrx_word' id='word_1_119' title='bbox 578 2020 682 2057; x_wconf 85' lang='lat' dir='ltr'>vos</span> <span class='ocrx_word' id='word_1_120' title='bbox 697 2000 930 2079; x_wconf 87' lang='lat' dir='ltr'>pudore,</span> <span class='ocrx_word' id='word_1_121' title='bbox 956 2000 1242 2079; x_wconf 84' lang='lat' dir='ltr'>religione,</span> <span class='ocrx_word' id='word_1_122' title='bbox 1263 2005 1359 2079; x_wconf 51' lang='lat' dir='ltr'>inq</span> 
     </span>
     <span class='ocr_line' id='line_1_22' title="bbox 73 2086 1355 2167; baseline 0 -20"><span class='ocrx_word' id='word_1_123' title='bbox 73 2102 122 2147; x_wconf 82' lang='lat'>13</span> <span class='ocrx_word' id='word_1_124' title='bbox 151 2088 412 2163; x_wconf 84' lang='lat' dir='ltr'>tegritate</span> <span class='ocrx_word' id='word_1_125' title='bbox 428 2086 711 2145; x_wconf 84' lang='lat' dir='ltr'>dubitetis.</span> <span class='ocrx_word' id='word_1_126' title='bbox 789 2092 954 2144; x_wconf 87' lang='lat' dir='ltr'>Pater</span> <span class='ocrx_word' id='word_1_127' title='bbox 974 2108 1130 2161; x_wconf 82' lang='lat' dir='ltr'>vere,</span> <span class='ocrx_word' id='word_1_128' title='bbox 1145 2089 1355 2167; x_wconf 75' lang='lat' dir='ltr'>inquit,</span> 
     </span>
     <span class='ocr_line' id='line_1_23' title="bbox 147 2170 1356 2251; baseline 0.002 -20"><span class='ocrx_word' id='word_1_129' title='bbox 147 2174 320 2231; x_wconf 86' lang='lat' dir='ltr'>etiam</span> <span class='ocrx_word' id='word_1_130' title='bbox 338 2170 515 2229; x_wconf 74' lang='lat' dir='ltr'>obefl‘e</span> <span class='ocrx_word' id='word_1_131' title='bbox 533 2172 648 2231; x_wconf 89' lang='lat' dir='ltr'>filio</span> <span class='ocrx_word' id='word_1_132' title='bbox 665 2170 842 2230; x_wconf 85' lang='lat' dir='ltr'>debet.</span> <span class='ocrx_word' id='word_1_133' title='bbox 871 2174 909 2231; x_wconf 79' lang='grc' dir='ltr'><strong>ὁ</strong></span> <span class='ocrx_word' id='word_1_134' title='bbox 926 2194 1117 2231; x_wconf 88' lang='lat' dir='ltr'>vocem</span> <span class='ocrx_word' id='word_1_135' title='bbox 1135 2174 1356 2251; x_wconf 85' lang='lat' dir='ltr'>duram,</span> 
     </span>
     <span class='ocr_line' id='line_1_24' title="bbox 148 2257 1353 2336; baseline -0.001 -17"><span class='ocrx_word' id='word_1_136' title='bbox 148 2273 324 2335; x_wconf 85' lang='lat' dir='ltr'>atque</span> <span class='ocrx_word' id='word_1_137' title='bbox 343 2257 624 2334; x_wconf 88' lang='lat' dir='ltr'>indignam</span> <span class='ocrx_word' id='word_1_138' title='bbox 657 2273 748 2315; x_wconf 81' lang='lat' dir='ltr'>tua</span> <span class='ocrx_word' id='word_1_139' title='bbox 769 2260 1065 2336; x_wconf 87' lang='lat' dir='ltr'>probitate,</span> <span class='ocrx_word' id='word_1_140' title='bbox 1091 2266 1353 2319; x_wconf 84' lang='lat' dir='ltr'>Lateren-</span> 
     </span>
     <span class='ocr_line' id='line_1_25' title="bbox 147 2342 1357 2423; baseline 0.004 -22"><span class='ocrx_word' id='word_1_141' title='bbox 147 2342 244 2407; x_wconf 74' lang='lat' dir='ltr'>fis!</span> <span class='ocrx_word' id='word_1_142' title='bbox 281 2359 432 2421; x_wconf 86' lang='lat' dir='ltr'>pater</span> <span class='ocrx_word' id='word_1_143' title='bbox 452 2359 513 2401; x_wconf 91' lang='lat' dir='ltr'>ut</span> <span class='ocrx_word' id='word_1_144' title='bbox 543 2346 602 2402; x_wconf 89' lang='lat' dir='ltr'>in</span> <span class='ocrx_word' id='word_1_145' title='bbox 620 2343 836 2421; x_wconf 86' lang='lat' dir='ltr'>judicio</span> <span class='ocrx_word' id='word_1_146' title='bbox 869 2346 1085 2423; x_wconf 85' lang='lat' dir='ltr'>capitis,</span> <span class='ocrx_word' id='word_1_147' title='bbox 1118 2362 1269 2421; x_wconf 82' lang='lat' dir='ltr'>pater</span> <span class='ocrx_word' id='word_1_148' title='bbox 1292 2362 1357 2407; x_wconf 89' lang='lat' dir='ltr'>ut</span> 
     </span>
     <span class='ocr_line' id='line_1_26' title="bbox 147 2428 1353 2509; baseline 0.003 -23"><span class='ocrx_word' id='word_1_149' title='bbox 147 2432 212 2491; x_wconf 77' lang='lat' dir='ltr'>in</span> <span class='ocrx_word' id='word_1_150' title='bbox 239 2428 598 2487; x_wconf 84' lang='lat' dir='ltr'>dimicatione</span> <span class='ocrx_word' id='word_1_151' title='bbox 625 2428 995 2504; x_wconf 87' lang='lat' dir='ltr'>fortunarum,</span> <span class='ocrx_word' id='word_1_152' title='bbox 1028 2446 1180 2509; x_wconf 88' lang='lat' dir='ltr'>pater</span> <span class='ocrx_word' id='word_1_153' title='bbox 1201 2447 1263 2489; x_wconf 89' lang='lat' dir='ltr'>ut</span> <span class='ocrx_word' id='word_1_154' title='bbox 1292 2454 1353 2497; x_wconf 75' lang='lat' dir='ltr'>a-„</span> 
     </span>
     <span class='ocr_line' id='line_1_27' title="bbox 145 2512 1357 2598; baseline 0.001 -23"><span class='ocrx_word' id='word_1_155' title='bbox 145 2514 264 2598; x_wconf 74' lang='lat' dir='ltr'>pud</span> <span class='ocrx_word' id='word_1_156' title='bbox 285 2514 420 2575; x_wconf 85' lang='lat' dir='ltr'>tales</span> <span class='ocrx_word' id='word_1_157' title='bbox 436 2517 588 2577; x_wconf 84' lang='lat' dir='ltr'>viros</span> <span class='ocrx_word' id='word_1_158' title='bbox 608 2512 784 2593; x_wconf 67' lang='lat' dir='ltr'>obell&#39;e</span> <span class='ocrx_word' id='word_1_159' title='bbox 807 2514 923 2574; x_wconf 87' lang='lat' dir='ltr'>filio</span> <span class='ocrx_word' id='word_1_160' title='bbox 946 2516 1166 2578; x_wconf 73' lang='lat' dir='ltr'>debeat?</span> <span class='ocrx_word' id='word_1_161' title='bbox 1194 2519 1291 2598; x_wconf 88' lang='lat' dir='ltr'>qui</span> <span class='ocrx_word' id='word_1_162' title='bbox 1314 2518 1357 2595; x_wconf 64' lang='lat'>1}</span> 
     </span>
    </p>
   </div>
  </div>
 </body>
</html>
