1717 3075
325 156 402 215 80
637 162 991 218 ORATIO
1030 162 1198 219 PRO

319 255 554 329 minum,
583 271 637 313 et
653 255 827 331 fame3
863 272 1009 316 certe
1026 255 1273 317 consules
1294 258 1511 322 eau'sam

317 338 602 422 suscipere,
640 360 784 402 certe
821 342 1035 403 senatus
1064 343 1273 423 aliquid
1296 346 1515 407 confilii

315 446 508 505 capere
523 432 724 505 potuit.
739 428 818 489 fin
835 427 991 489 causa
1000 429 1105 489 fuit
1120 432 1511 507 annona,sedi-

315 516 491 573 tionis
507 514 726 591 quidem
742 515 1105 575 instimulator
1120 531 1176 574 et
1190 520 1513 579 concitator

313 616 378 659 tu
403 599 568 658 fuisti:
595 622 787 660 nonne
817 604 871 661 id
898 603 1162 679 agendum
1190 607 1352 663 nobis
1384 626 1510 665 om·

311 686 479 745 nibus
509 686 636 760 fuit,
667 703 730 745 ut
758 690 1036 747 materiem
1074 686 1509 751 subtraheremus

312 771 488 831 fiirori
511 774 640 831 tuo?
685 774 842 852 quid,
864 773 901 849 fi
918 789 1207 852 utrumque
1223 774 1350 848 fuit,
1374 791 1429 835 et
1444 792 1511 839 ut

309 857 485 919 fames
503 858 798 919 stimularet
826 862 1102 935 homineS,
1133 875 1189 919 et
1218 875 1280 919 tu
1309 863 1368 920 in
1399 865 1509 923 hoe

311 944 511 1020 ulcere,
524 962 690 1025 tanqu
697 966 782 1005 am
799 949 1021 1025 unguis,
1031 945 1280 1006 existeres
1290 949 1509 1008 ?nonne

309 1030 419 1090 fuit
431 1054 500 1091 eo
517 1034 696 1111 major
718 1032 1023 1092 adhibenda
1054 1032 1341 1108 medicina,
1366 1054 1509 1113 quae

309 1132 369 1177 et
386 1119 518 1177 illud
537 1121 808 1193 nativum,
837 1135 893 1178 et
908 1123 1015 1179 hoc
1044 1118 1280 1179 delatum
1304 1121 1509 1181 malum

309 1203 502 1264 sanare
519 1204 691 1284 posset
711 1207 732 1263 ?
757 1222 874 1263 erat
894 1208 1063 1283 igitur
1076 1222 1130 1265 et
1146 1205 1396 1285 praesens
1416 1226 1507 1265 ca-

308 1292 467 1365 ritaS,
482 1308 538 1350 et
553 1292 734 1349 futura
752 1290 941 1352 fames,
990 1314 1107 1351 non
1131 1291 1203 1351 est
1222 1291 1371 1351 satist
1394 1290 1508 1351 fac-

307 1392 370 1437 ta
384 1378 642 1457 lapidatio
658 1377 751 1438 est.
795 1377 837 1439 fi
853 1398 925 1437 ex
940 1378 1134 1437 dolore
1150 1378 1345 1457 plebei,
1378 1378 1505 1437 nul·

303 1464 372 1525 lo
417 1466 718 1525 incitante:
764 1486 1026 1544 magnum
1068 1464 1291 1523 malum.
1362 1463 1401 1523 fi
1439 1470 1503 1527 P.

311 1551 498 1611 clodii
523 1551 784 1630 impulsu=
827 1551 1079 1612 ufitatum
1102 1553 1341 1611 hominis
1373 1552 1505 1611 faci·

258 1707 262 1712 ,
304 1635 495 1699 norofi
511 1636 698 1696 scelus,
746 1637 785 1697 fi
809 1655 1120 1716 utrumque,
1156 1651 1219 1694 ut
1241 1650 1297 1694 et
1314 1657 1402 1695 res
1418 1636 1499 1696 efi-

305 1723 386 1785 set
400 1745 485 1798 ea,
515 1743 654 1802 quae
676 1723 767 1782 sua
783 1722 977 1802 sponte
992 1721 1361 1781 multitudinis
1378 1726 1502 1782 ani·

305 1831 432 1872 mos
456 1812 733 1882 incitaret,
747 1824 802 1867 et
819 1811 995 1886 parati
1020 1823 1187 1886 atque
1202 1812 1399 1868 armati
1420 1808 1499 1868 se-

303 1896 534 1957 ditionis
561 1897 758 1955 duces:
783 1894 1081 1953 videturne
1108 1892 1219 1973 ipsa
1236 1893 1498 1973 respubli-

305 2005 370 2042 ca
384 1999 440 2041 et
453 1981 692 2042 consulis
716 1981 977 2040 auxilium
994 1979 1323 2060 imploraffe,
1344 1996 1398 2039 et
1418 1979 1503 2039 se-

301 2071 471 2130 natus
487 2068 646 2128 fidem
662 2067 683 2126 ἓ
710 2070 865 2145 atqui
892 2083 1185 2146 utrumque
1201 2065 1355 2126 fuiss'e
1374 2087 1500 2145 per·

303 2155 547 2236 spicuum
563 2153 658 2228 est,
673 2153 1051 2213 difficultatem
1067 2175 1344 2221 annonae,
1356 2151 1499 2213 sum-

303 2262 559 2320 mamque
596 2242 844 2320 inopiam
884 2243 961 2299 rei
995 2240 1407 2312 frumentariae,
1436 2256 1499 2300 ut

303 2331 558 2388 homines
575 2349 692 2388 non
711 2329 830 2403 jam
853 2327 1169 2386 diuturnam
1193 2328 1497 2402 caritatem,

301 2414 394 2475 sed
411 2428 472 2472 ut
488 2413 681 2473 famem
700 2413 863 2494 plane
880 2416 1159 2472 timerent.
1215 2432 1381 2472 nemo
1400 2431 1496 2469 ne·

297 2515 416 2581 gat.
433 2503 577 2561 hanc
591 2499 770 2576 istum,
785 2501 889 2559 otii
903 2515 957 2558 et
972 2500 1121 2580 pacis
1137 2497 1365 2575 hostem,
1376 2515 1499 2558 cau-
