1717 3075
312 181 421 243 108
598 184 651 239 Ο
670 182 719 239 R
736 182 785 239 A
804 180 866 239 T
883 175 912 238 Ῐ
929 182 982 239 0
1031 180 1143 238 FR
1163 182 1217 239 Ο

310 280 545 358 utraque
558 272 626 337 de
641 297 699 338 re
713 273 1000 357 negotium
1017 274 1162 337 dedi.
1195 272 1286 335 sed
1302 270 1462 357 quid,
1477 272 1522 339 fl

195 372 201 383 '
308 362 489 425 eidem
520 365 806 443 negotium
828 360 1078 442 dedisses,
1101 378 1164 422 ut
1198 363 1260 422 ia
1294 361 1422 422 Asia
1435 366 1520 425 ci-

310 448 635 530 stophorum
660 452 950 529 flagitaret,
975 450 1104 509 inde
1118 452 1220 511 iret
1233 449 1296 509 in
1311 446 1520 530 Hispa⁵

310 539 501 599 niam:
532 560 658 599 cum
693 546 898 598 Romae
927 536 1234 613 decessisset,
1258 535 1520 596 consulas

309 640 433 685 tum
456 625 505 683 ei
535 637 720 705 petere
747 624 973 685 liceret:
1005 643 1134 684 cum
1157 622 1330 682 fedius
1361 621 1520 699 esset,

309 713 659 793 provinciam
673 714 884 790 Syriam
909 710 1222 771 obtineret?
1247 710 1521 789 quoniam

310 796 383 858 de
406 818 523 858 uno
538 800 767 860 homine
788 797 1070 873 scriberes,
1103 818 1212 856 una
1231 816 1320 856 res
1339 794 1470 857 esset
1490 798 1516 858 ἓ

310 884 469 965 quod
486 884 653 963 fijan:
670 885 904 967 populus
931 892 1142 943 Roman
1151 904 1214 943 us
1235 883 1304 943 de
1333 882 1431 943 ista
1452 897 1518 943 re

307 970 595 1033 eonsultus
623 972 776 1047 esset,
805 986 864 1031 et
892 992 1011 1031 non
1039 973 1232 1031 omnia
1261 990 1364 1052 per
1404 968 1516 1031 ser-

309 1078 421 1119 vos
436 1058 785 1139 latronesque
798 1054 1047 1137 geslisses,
1071 1076 1264 1118 nonne
1276 1057 1392 1117 ficri
1407 1075 1522 1139 poe

310 1156 479 1223 terat,
494 1162 556 1206 ut
570 1145 781 1227 populo
796 1144 866 1207 de
881 1148 1098 1225 Cyprio
1113 1166 1238 1223 rege
1253 1144 1518 1227 placeret,

313 1231 387 1294 de
402 1234 655 1293 exulibus
670 1235 1004 1313 Byzantinis
1021 1231 1353 1313 displiceret?
1371 1246 1520 1312 quae

220 1374 229 1385 .
311 1318 391 1381 est
411 1314 563 1401 quasi
588 1320 695 1381 alia
715 1322 827 1395 vis„
850 1316 994 1401 qua'e
1016 1318 1288 1380 sententia
1321 1320 1522 1380 Caeci⁴

258 1401 269 1407 ”
313 1406 424 1471 liae
437 1407 575 1487 legis
601 1424 658 1468 et
673 1407 895 1482 Didi-ae,
917 1404 1022 1467 nisi
1035 1409 1191 1481 haec,
1213 1426 1288 1466 ne
1302 1404 1522 1486 populd

313 1493 526 1556 necesse
541 1495 604 1558 fit
620 1497 679 1556 in
698 1496 1014 1573 conjunctis
1031 1496 1196 1554 rebus
1215 1491 1522 1574 compluti-³

312 1584 444 1659 bus,
459 1582 650 1657 antid,
667 1582 819 1664 quod
836 1581 1003 1659 nolit,
1019 1583 1293 1661 acciperez
1319 1594 1414 1640 aut
1432 1580 1518 1658 id,

314 1669 473 1748 quod
486 1669 643 1745 velit,
664 1668 990 1751 repudiare?
1025 1668 1185 1747 quid,
1212 1666 1252 1728 fi
1273 1687 1374 1748 per
1400 1667 1522 1728 vim

313 1753 523 1814 tulisti?
550 1769 811 1816 tamenne
830 1755 925 1817 lex
945 1751 1017 1813 est
1043 1755 1063 1814 ἓ
1087 1769 1184 1814 aut
1213 1752 1522 1834 quidquam

307 1841 439 1922 jure
460 1841 665 1920 gestum
688 1842 865 1902 videri
888 1838 1084 1923 potest,
1109 1841 1264 1921 quod
1283 1859 1380 1921 per
1401 1839 1524 1902 vim

315 1923 522 2008 gestum
536 1927 641 1988 effe
662 1927 902 1989 constet?
933 1949 1030 2003 an,
1045 1927 1084 1986 si
1107 1931 1168 1987 in
1181 1926 1294 2017 ipsa
1307 1927 1528 1989 latione

315 2029 435 2092 tua,
452 2030 611 2097 capta
620 2015 737 2094 jam
755 2017 910 2090 urbe,
939 2014 1330 2095 lapidesjaffi?
1347 2013 1524 2075 {lma-¹

312 2111 427 2162 nus
448 2103 651 2165 collata·
675 2123 799 2163 non
824 2101 922 2178 est,
945 2101 1154 2163 idcirco
1183 2117 1244 2162 tu
1275 2101 1344 2162 ad
1364 2101 1528 2162 illam·

310 2189 516 2265 labem,
534 2204 701 2270 atque
712 2189 953 2250 eluviem
969 2190 1232 2265 civitatis,
1247 2188 1362 2248 fine
1375 2186 1522 2248 sum-

313 2293 407 2337 ma
428 2277 487 2336 vi
508 2279 797 2357 pervenire
818 2273 1080 2357 potuisti?
1171 2283 1314 2336 Cum
1335 2278 1398 2335 in
1413 2275 1520 2334 tri·
1539 2312 1598 2348 21

312 2363 503 2423 bunali
534 2363 761 2424 Aurelio
784 2361 1162 2424 conscribebas
1183 2361 1368 2444 palam
1393 2381 1520 2424 non

313 2445 487 2510 modo
508 2447 734 2525 liberos,
757 2448 846 2510 sed
877 2452 1042 2509 etiam
1057 2446 1275 2527 servos,
1299 2448 1524 2509 ex‘om-

314 2536 483 2600 nibus
508 2536 652 2601 vicis
678 2537 1016 2618 concitatos,
1035 2536 1160 2600 vim·
1175 2549 1299 2604 mm
1317 2532 1520 2600 videli-
