1717 3075
391 172 758 233 ARCHIA.
789 166 1114 233 POET‘A.
1288 192 1361 249 ιτ

85 269 98 278 '
149 265 1365 351 onibuvdefiniunturrcuper'edcbenueflno

152 356 350 413 minus
367 372 630 415 manuum
646 353 955 415 nostrarum
969 355 1081 416 tela
1094 376 1363 436 pervene-

154 439 300 515 rint,
319 440 519 502 eodem
533 441 766 517 gloriam
779 440 1092 522 famamque
1106 458 1361 531 penetra-

155 546 220 585 te
233 547 254 585 ε
278 526 432 607 quod
447 547 572 586 cum
593 525 722 607 ipfis
754 528 999 608 populis,
1026 528 1097 591 de
1118 548 1363 609 quorum

153 614 326 673 rebus
341 610 618 689 scribitur,
632 616 768 673 haec
781 613 965 693 ampla
980 612 1127 689 sunt3
1154 630 1274 677 tum
1290 618 1363 679 iis

153 714 332 775 certe,
361 700 462 778 qui
490 699 560 759 de
590 702 728 775 vita,
747 699 960 779 gloriae
978 702 1168 779 causa,
1196 702 1361 763 dimi·

151 801 318 863 cant,
337 788 448 846 hoc
467 787 770 847 maximum
791 802 848 847 et
868 788 1239 869 periculorum
1268 790 1360 849 in-

155 869 632 949 citamenmmest,
645 887 702 933 et
715 872 988 935 laborum.
1034 894 1203 954 quam
1215 874 1363 937 mul-

156 972 254 1019 tos
270 954 764 1038 scriptores-rerum
775 957 995 1021 suarum
1006 966 1249 1041 Magnus
1266 960 1361 1023 ille

155 1043 482 1105 Alexander
495 1042 673 1107 secum
687 1045 925 1107 habufflie
936 1046 1168 1109 dicitur?
1192 1064 1373 1129 atque·

155 1131 208 1191 is
237 1144 452 1207 tamen,
475 1152 599 1191 eum
619 1134 680 1193 in
695 1134 887 1210 Sigaeo
908 1132 979 1194 ad
1002 1134 1239 1195 Achillis
1266 1151 1359 1195 tu·

157 1215 376 1278 mulum
391 1216 652 1293 astitiss'et,
686 1218 707 1251 ‘
733 1220 772 1279 ὀ
796 1218 1123 1295 fortunate‚'
1146 1222 1361 1301 inquit,

155 1301 179 1335 ‘
193 1302 537 1381 adolescens,
552 1306 650 1385 qui
665 1319 793 1366 tuae
805 1306 1029 1369 virtutis
1045 1312 1359 1369 Homerum

157 1386 532 1471 ‘praeconem
552 1393 876 1453 inveneris?
918 1407 976 1452 et
1002 1396 1155 1453 vere.
1204 1412 1362 1469 nam,

155 1472 260 1538 nifi
275 1476 404 1539 Ilias
419 1477 514 1538 illa
527 1476 809 1552 extitiffet3
829 1476 979 1540 idem
992 1478 1361 1558 tumulus,qui

158 1575 366 1645 corpus'
399 1567 520 1646 ejus
549 1580 905 1640 contexerat,
942 1586 1150 1628 nomen
1190 1566 1361 1628 etiam

156 1650 416 1714 obruiffet
427 1697 442 1713 .
483 1651 646 1732 quid?
674 1650 856 1712 noster
872 1653 965 1712 hic
978 1658 1245 1732 Magnus»,
1260 1651 1360 1732 qui

155 1758 283 1798 cum
305 1739 510 1798 virtute
525 1737 806 1798 fortunam
837 1737 1186 1818 adaequavit,
1212 1757 1359 1800 non-

155 1843 228 1884 ne
251 1825 658 1904 Theophanem
675 1825 1097 1903 Mitylenaeum,
1122 1822 1358 1904 scripto-

155 1929 270 1970 rem
287 1929 472 1972 rerum
489 1909 726 1988 suarum,
757 1912 818 1972 in
835 1911 1113 1971 concione
1121 1910 1367 1970 militum

155 1998 382 2059 civitate
396 1996 653 2059 donavit?
681 2012 735 2056 et
752 1996 923 2058 nostri
936 1995 1019 2056 illi
1032 1995 1207 2055 fortes
1221 1995 1367 2071 viri,

155 2081 244 2143 sed
268 2081 474 2158 rustici,
490 2105 556 2144 ac
570 2084 792 2159 milites,
809 2081 1097 2144 dulcedine
1112 2081 1357 2161 'quadam

155 2168 360 2247 gloriae
393 2173 682 2246 commoti,
705 2167 854 2250 quafi
886 2170 1177 2250 participes
1209 2165 1353 2245 ejus-

155 2255 276 2316 dem
300 2254 506 2332 laudis,
523 2247 728 2336 magno
745 2255 879 2316 illud
894 2255 1137 2314 clamore
1152 2273 1357 2334 appro-

155 2343 452 2402 baverunt?
485 2345 692 2423 itaque,
709 2343 902 2416 c’redo,
922 2340 958 2400 fi
982 2343 1121 2400 civis
1150 2347 1355 2402 Roma·

154 2447 256 2488 nus
277 2430 508 2488 Archias
526 2429 736 2508 legibus
755 2450 875 2488 non
890 2426 1040 2502 esset,
1070 2443 1131 2486 ut
1162 2430 1229 2485 ab
1244 2425 1354 2488 ali-

151 2533 262 2596 ‘1¹¹9
273 2515 605 2598 imperatore
621 2517 843 2580 civitate
867 2513 1195 2588 donatetur,
1218 2531 1345 2594 per-
