1717 3075
275 134 350 205 84
596 131 941 187 oRATm
982 134 1161 188 PRO·

257 242 354 281 no
369 221 640 297 tribuunt,
663 240 748 298 ut,
771 224 1231 303 quemadmodum
1244 219 1469 284 discessu

273 328 400 366 meo
416 307 634 383 frugum
650 313 860 387 inopia,
882 310 1073 379 fames„
1090 308 1331 383 vastitas,
1346 330 1470 368 cae-

272 392 395 471 deS,
411 395 688 468 incendia,
703 398 945 473 rapinae,
962 394 1215 454 scelerum
1231 396 1475 473 impuni-

275 493 390 551 tas,
411 480 561 558 fuga,
584 481 846 555 formido,
868 481 1137 541 discordia
1156 480 1367 541 fuisset:
1394 478 1471 541 fic

275 565 455 625 reditu
472 588 596 627 meo
613 570 829 627 ubertas
845 588 1123 643 agrorum,
1138 568 1355 645 frugum
1370 586 1473 627 co·

277 653 392 731 pia,
425 650 548 732 spes
583 655 708 728 otii,
738 653 1106 731 tranquillitas
1136 656 1475 727 animorum,

268 736 501 815 judicia,
515 738 684 817 leges,
697 739 999 800 concordia
1015 740 1225 819 populi,
1250 738 1473 799 senatfis

277 827 598 901 auctoritas,
621 846 830 887 mecum
847 824 998 885 fimul
1013 826 1229 885 redueta
1242 824 1477 885 videan-

263 923 393 969 ταῖς
425 908 535 971 five
562 928 786 989 egomet
813 911 1021 989 aliquid
1049 911 1287 972 adventu
1318 930 1471 987 mee,

277 979 532 1069 consilio,
563 1000 906 1071 auctoritate,
930 996 1213 1074 diligentia
1225 1018 1329 1077 pro
1346 1012 1471 1057 tan-

277 1094 344 1141 to
374 1082 640 1144 beneficio
671 1083 879 1165 populo
914 1087 1173 1145 Romano
1206 1082 1475 1161 praestare

279 1166 476 1229 debui.
457 1168 730 1249 praestO,
760 1172 1051 1250 promitto,
1076 1164 1352 1247 spondeo.
1384 1171 1475 1228 ni-

281 1254 502 1319 hildico
519 1256 774 1336 amplius,
799 1260 927 1329 hoc,
944 1256 1097 1335 quod
1112 1253 1241 1316 satis
1260 1254 1479 1315 esthuie

281 1344 668 1419 tempor1,d1co
674 1386 692 1417 ,
703 1343 1087 1422 rempublicam
1100 1362 1356 1403 annonae
1370 1362 1479 1401 no-

281 1430 432 1487 mine
461 1429 600 1489 inid
629 1428 952 1504 discrimen,
986 1431 1103 1507 qu&
1140 1431 1477 1503 vocabatur,

283 1537 406 1575 non
421 1516 522 1576 effe
547 1530 851 1576 venturam.
944 1521 1093 1576 Num
1108 1517 1275 1592 igitur
1294 1516 1351 1574 in
1370 1518 1479 1574 hoc
1499 1522 1527 1567 8

282 1604 494 1674 officio,
527 1603 676 1680 quod
691 1601 794 1662 fixit
809 1604 1098 1683 praecipue
1122 1621 1321 1677 meum,
1352 1599 1475 1660 sen·

283 1690 460 1748 tentia
475 1709 593 1748 mea
609 1687 1048 1766 reprehenditur?
1056 1709 1166 1748 rem
1180 1689 1479 1748 maximam

283 1777 460 1854 eripui
475 1795 506 1832 a
523 1773 664 1853 peste
686 1773 879 1836 summi
892 1774 1142 1854 periculi,
1166 1795 1285 1834 non
1302 1772 1477 1834 solum

283 1881 425 1933 eam,
455 1859 544 1920 sed
573 1863 742 1920 etiarn
769 1881 875 1920 vos
904 1882 937 1920 a
959 1862 1119 1920 caede
1133 1903 1159 1935 ‚‚
1180 1860 1477 1934 incendiis,

283 1946 564 2008 vastitate:
593 1967 757 2008 nemo
787 1961 953 2022 negat
972 1967 997 2004 :—
1014 1946 1231 2006 eumad
1261 1944 1475 2007 causam

282 2035 526 2094 caritatis
543 2033 820 2093 accederet
849 2031 955 2091 iste·
972 2029 1279 2110 speculator
1318 2053 1473 2092 com·

279 2121 532 2180 munium
547 2115 901 2191 miseriarum,
936 2121 1031 2196 qui
1054 2116 1263 2196 semper
1282 2120 1341 2176 in
1365 2119 1472 2176 rei·

278 2205 527 2286 publicae
551 2203 708 2263 malis
732 2203 948 2262 sceleris
974 2201 1055 2262 sui
1078 2203 1225 2264 faces
1252 2205 1473 2268 inflam-

278 2293 467 2353 man-it..
527 2307 689 2365 negat
719 2287 1012 2370 oportuisse
1040 2290 1351 2369 quidquam,
1376 2291 1475 2348 nni

277 2393 438 2436 extra
450 2377 698 2436 ordinem
713 2375 951 2436 decerni.
1000 2396 1119 2434 non
1145 2377 1261 2452 jam
1288 2377 1387 2434 tibi
1404 2373 1475 2434 fic

273 2461 643 2545 respondebo,
675 2476 738 2522 ut
765 2462 1024 2524 caeterist
1066 2467 1175 2524 Cn.
1208 2461 1473 2542 Pompeio

1698 1208 1711 1538 ψ
