1717 3075
136 258 421 339 praeteriti
437 259 721 337 temporis.
772 272 938 336 atque
952 256 1062 321 illis
1081 260 1344 336 tempori·

138 348 251 405 bus
266 345 475 418 iisdem,
500 364 622 403 cum
636 346 753 421 jam
771 350 1016 424 Capuam
1039 358 1188 405 metu
1212 350 1345 403 Sex-

138 434 259 491 tius
276 429 559 502 liberaffet3
580 434 765 489 urbem
784 428 1026 505 senatus,
1043 448 1210 509 atque
1225 450 1348 491 om-

142 538 249 578 nes
264 521 397 577 boni
404 560 421 590 ,
434 516 773 595 deprehenfis
790 534 952 597 atque
969 516 1226 597 oppreffis
1243 514 1346 576 do-

138 606 391 665 mesticis·
406 602 672 675 hostibus»,
702 624 791 661 me
812 605 969 677 duce,
999 624 1072 663 ex
1092 602 1347 682 periculis

140 692 407 751 maximis
436 689 832 749 extraxissent:
877 710 982 767 ego
1011 690 1186 749 literis
1215 709 1343 749 eum

140 781 337 855 Capua
357 776 593 839 areeffivi
614 797 737 835 cum
762 777 864 835 illo
891 779 1159 849 exercitu,
1183 795 1347 854 quem

140 878 271 921 tum
300 860 479 923 seeum
509 864 774 935 habebat3
816 865 1022 941 quibus
1053 864 1145 921 hic
1173 862 1350 922 literis

136 949 322 1022 lectis»,
344 950 411 1009 ad
430 951 615 1009 urbem
632 948 916 1009 confestim
932 948 1239 1009 incredibili
1257 967 1346 1009 ce.-

136 1035 357 1095 leritate
379 1036 680 1095 advolavit.
728 1052 918 1115 atque,
947 1050 1010 1095 ut
1032 1034 1178 1093 illius
1202 1050 1346 1095 teme

138 1124 301 1201 poris
324 1123 664 1183 atrocitatem
698 1122 974 1181 recordari
997 1121 1226 1200 pellitis,
1249 1140 1345 1183 aun·

138 1207 259 1267 dite
290 1207 495 1281 literae,
524 1224 582 1269 et
602 1206 831 1267 vestram
845 1210 1166 1275 memoriam
1189 1208 1256 1267 ad
1273 1208 1346 1267 ti.-

136 1296 319 1357 moris
356 1297 635 1371 praeteriti
664 1297 1060 1372 cogitationem
1085 1298 1341 1355 excitate.

137 1398 469 1447 mxi-enan
500 1387 579 1441 C1
598 1400 936 1453 eunome,
965 1399 1344 1441 consume-0

88 1494 120 1540 5
134 1472 279 1526 Hoc
302 1466 541 1527 adventu
562 1474 627 1526 P.
644 1470 837 1542 Sextii,
852 1469 1200 1527 tribunorum
1221 1465 1340 1546 ple-

138 1555 231 1612 bis
268 1575 565 1629 novorum,
590 1556 685 1633 qui
720 1569 835 1614 tum
869 1556 1128 1614 extremis
1155 1553 1344 1614 diebus

140 1639 465 1702 consulatus
497 1643 625 1714 mei,
650 1661 735 1700 res
762 1662 876 1712 eas,
907 1661 1044 1720 quas
1059 1637 1346 1717 gesseram,
1389 1643 1398 1660 ⁸

138 1745 349 1787 vexare
363 1729 675 1806 cupiebant,
686 1726 992 1805 reliquique
1007 1726 1347 1802 conjuratio,-

138 1813 239 1872 nis
256 1815 489 1892 impetus
504 1826 559 1871 et
574 1827 809 1872 conatus
826 1812 950 1870 sunt
965 1811 1242 1870 retardati.
1257 1833 1346 1886 ac,

138 1897 495 1979 posteaquam
516 1897 591 1958 est
614 1897 971 1972 intellectum,
1004 1904 1217 1968 Catone
1242 1899 1345 1960 trie

136 1988 303 2045 buno
318 1986 517 2065 plebis»,
546 1984 835 2044 fortiffimo
852 1999 1016 2062 atque
1031 1987 1246 2062 optimo
1263 1986 1344 2044 ci-

136 2089 257 2145 ve,.
282 2071 665 2151 rempublicam
696 2069 1046 2150 defendente,
1078 2090 1186 2149 per,
1206 2068 1346 2148 scip,

134 2156 263 2218 sum
282 2155 525 2218 senatum
542 2156 914 2238 populumque
932 2162 1268 2230 Romanum,
1279 2153 1348 2214 fii·

134 2265 221 2306 ne
240 2243 475 2304 militum
493 2242 779 2323 praefidio,
810 2243 954 2300 tueri
973 2241 1130 2300 facile
1151 2237 1344 2318 majest

140 2345 319 2390 tatem
334 2329 505 2404 suam,
520 2345 574 2388 et
590 2330 912 2406 dignitatem
929 2349 1140 2400 eorum,
1157 2329 1252 2404 qui
1270 2325 1346 2390 sa,

134 2419 315 2478 lutam
338 2436 683 2484 communem
700 2410 944 2493 periculo
961 2412 1059 2473 suo
1080 2411 1347 2476 defendis-

136 2500 305 2574 sent&
328 2503 545 2568 Sextius
562 2521 691 2566 eum
703 2501 803 2562 illo
819 2499 918 2590 suo,
937 2501 1182 2572 exercitu
1199 2497 1344 2570 sum.-
