1717 3075
452 177 992 241 RsEleo.
1215 179 1332 246 409

12 322 16 326 “
106 323 271 382 rum,‘
293 301 462 363 scelus
479 297 805 372 infidelium,
833 287 1082 354 fraudem
1099 288 1324 348 invido-

108 414 257 454 rum.
292 389 331 450 fi
354 394 461 448 hoc
479 407 595 446 non
612 383 684 444 est
702 383 850 456 satis,
877 376 1037 460 quod
1053 380 1186 435 haec
1201 396 1325 435 om·

110 483 212 541 nia
244 477 422 538 deleta
444 475 706 534 videntur
740 469 916 530 reditu
949 485 1109 526 meo:
1149 463 1328 524 multo

112 567 277 638 mihi,
302 561 501 634 multe,
528 563 779 638 inquam,
804 554 1050 634 JudiceS,
1073 547 1338 628 praestat‚·

115 657 179 713 in
195 649 423 711 eandem
435 649 578 708 illam
590 645 827 708 recidere
854 643 1135 702 fortunam
1143 657 1331 717 ,quam

118 749 338 799 tantam
370 739 668 816 importare
698 734 835 792 meis
868 725 1248 789 defensoribus
1273 739 1331 784 et

118 823 601 886 conservatoribus
618 818 1003 878 calamitatem.
1053 833 1122 872 an
1147 832 1251 889 ego
1268 814 1330 870 in

120 917 225 972 hac
246 912 378 988 urbe
404 907 505 966 effe
528 906 741 986 poffim,
778 905 865 963 his
899 899 1084 982 pulfiS,
1115 901 1212 978 qui
1245 919 1335 958 me

120 998 293 1074 hujus
311 995 460 1054 urbis
484 1008 799 1072 compotem
816 989 1062 1048 fecerunt
1087 987 1106 1044 ?
1133 983 1253 1044 n'on
1270 1005 1330 1044 e-

124 1105 217 1159 re,
248 1104 369 1142 non
394 1097 593 1162 potero
616 1077 740 1149 effe,
769 1077 1012 1153 judices:
1042 1093 1221 1152 neque
1243 1074 1336 1131 hie
1395 1113 1404 1120 -

126 1189 375 1249 unquam
408 1189 562 1248 puer,
588 1165 794 1246 quibis
826 1163 1108 1240 lacrymiS,
1141 1179 1249 1238 qua
1271 1157 1338 1218 fit

128 1259 360 1339 pietate,
381 1254 645 1327 declarat,
670 1249 859 1312 amiss'o
879 1267 1029 1330 patre
1045 1247 1142 1307 suo
1165 1267 1350 1326 prop--

128 1361 219 1403 ter
241 1363 352 1417 me,
391 1361 479 1400 me
510 1338 681 1420 ipsum
724 1336 1056 1398 incolumem
1089 1334 1298 1393 videbit
1319 1355 1350 1392 t.

134 1449 263 1506 nec,
282 1424 716 1508 quotiescunque
732 1445 818 1484 me
833 1424 1055 1495 viderit,
1085 1417 1341 1497 ingemis·
1409 1409 1416 1414 ⁵

135 1532 249 1591 cet,
275 1538 338 1575 ac
354 1513 549 1595 pestem
566 1511 733 1587 suam,
758 1527 814 1572 et
831 1513 1002 1591 patris
1021 1507 1122 1583 sui,
1139 1507 1241 1567 sese
1259 1507 1343 1567 di-

138 1602 451 1664 cetvidere.
497 1620 599 1678 ego
622 1602 761 1660 vero
778 1620 883 1660 vos
901 1602 962 1657 in
986 1598 1139 1657 omni
1164 1598 1344 1654 fortu-
1376 1645 1384 1651 .

139 1712 239 1764 na,
254 1692 613 1769 quaecunque
630 1689 733 1745 erit
750 1687 956 1760 oblata,
981 1680 1342 1763 complectare

142 1797 247 1836 nec
268 1796 357 1833 me
376 1776 545 1848 abiis,
564 1793 705 1852 quos
722 1792 845 1832 meo
860 1774 1087 1831 nomine
1105 1768 1349 1829 sordida-

146 1878 237 1921 tos
260 1860 484 1937 videtis,
514 1881 760 1940 unquam
790 1857 899 1919 ulla
927 1858 1150 1917 fortuna
1173 1856 1348 1916 divel-

146 1948 263 2009 let:
288 1968 466 2027 neque
488 1968 581 2007 eae
615 1950 897 2019 nationeS‚
927 1946 1126 2025 quibus
1151 1964 1237 2002 me
1268 1942 1348 2003 se-

149 2050 314 2093 natus
330 2032 765 2109 commendavit,
796 2034 995 2112 quibus
1020 2030 1087 2091 de
1111 2050 1197 2089 me
1220 2051 1346 2107 gra-

148 2123 257 2179 tias
282 2122 416 2197 egit,
448 2123 595 2179 hunc
620 2119 839 2179 exulem
862 2133 1088 2198 propter
1121 2138 1206 2175 me
1238 2116 1358 2177 fine‘

148 2228 240 2268 me
255 2204 634 2267 videbunt.sed
650 2210 785 2265 haec
800 2204 875 2265 dii
893 2202 1224 2263 immortales
1230 2206 1352 2284 ,qui

149 2315 239 2355 me
276 2290 384 2353 suis
426 2292 646 2373 templis
693 2292 1080 2352 advenientem
1129 2310 1350 2370 recepe-

151 2395 309 2455 runt,
351 2379 601 2460 stipatum
633 2382 701 2440 ab
728 2382 814 2439 his
853 2380 988 2439 viris
1027 2393 1083 2436 et
1117 2382 1177 2435 P.
1202 2384 1354 2437 Len-

152 2467 276 2549 tulo
301 2466 545 2542 consule,
576 2482 743 2547 atque
764 2464 878 2546 ipsa
903 2461 1220 2545 respublica,
1239 2484 1354 2542 qua

148 2553 293 2618 nihil
307 2552 381 2617 est
400 2556 604 2619 sanctiu
612 2575 659 2634 s,
682 2552 887 2614 vestrae
901 2549 1173 2636 potestati,
1188 2550 1347 2629 judi-
