1717 3075
340 190 461 267 ηε
626 190 1238 262 ORATIQPRO

340 288 457 350 sum
485 292 741 365 incurrit,
772 306 942 371 atque
976 291 1193 351 inuidit.
1264 306 1322 351 tu
1361 310 1562 373 neque

344 384 419 453 Q.
454 378 646 453 Pedio,
678 376 815 436 forti
836 378 985 452 viro,
1022 376 1323 455 succenses,
1361 400 1556 459 neque

342 466 470 523 huic
494 471 567 523 A.
595 464 804 539 Plotio,
840 464 1180 525 ornatissimo
1199 467 1438 541 homini,
1465 465 1554 525 fa-

342 546 538 609 miliari
554 570 715 610 meo:
739 564 796 608 et
822 552 891 609 ab
915 572 1006 626 eo,
1033 553 1132 631 qui
1154 554 1259 609 hos
1282 550 1546 627 dimovit,

343 637 557 715 potius,
590 654 755 715 quam
778 635 878 693 ab
864 638 955 709 iis,
977 638 1074 716 qui
1099 638 1159 695 in
1183 626 1238 695 te
1263 635 1474 717 ipsum’
1455 658 1550 696 m·

342 723 673 795 cubuerunt,
697 735 753 779 te
781 719 1066 799 depulsum
1097 736 1283 801 putas,
1329 721 1420 781 sed
1465 738 1552 783 ta·

343 826 475 866 men
494 810 625 867 haec
648 808 749 865 tibi
764 804 837 865 est
853 808 1029 885 prima
1044 826 1169 866 cum
1197 807 1424 866 Plancio
1450 828 1548 887 ge·

344 895 495 953 neris
510 890 692 964 vestri,
716 891 1060 973 familiaeque
1087 895 1402 969 contende,
1435 914 1552 973 qua

344 981 443 1039 abs
475 995 530 1039 te
552 980 819 1039 vincitur.
869 999 966 1037 cur
995 981 1142 1039 enim
1169 1000 1289 1039 non
1311 980 1553 1040 confite-

345 1084 427 1141 ar,
454 1065 611 1146 quod
632 1062 837 1126 necesse
859 1063 962 1124 est?
996 1064 1082 1125 sed
1099 1086 1220 1125 non
1237 1068 1324 1124 hic
1348 1069 1553 1144 magis„

346 1170 515 1229 quam
532 1172 635 1229 ego
661 1172 693 1210 a
712 1154 849 1211 meis
867 1154 1346 1231 competitoribuS,
1371 1167 1425 1211 et
1451 1154 1559 1212 alic

347 1239 433 1312 as,
464 1252 521 1295 et
546 1240 603 1296 in
628 1235 948 1297 consulatus
969 1240 1239 1317 petitione
1259 1240 1548 1299 vincebat·⁰

347 1320 438 1383 sed
454 1323 600 1399 vide,
616 1344 689 1382 ne
700 1326 832 1383 haec
846 1322 982 1403 ipsa,
998 1343 1136 1401 quae
1152 1322 1406 1403 despiciS,
1418 1326 1554 1385 huic

347 1406 639 1487 suffragata
654 1407 780 1469 fint.
810 1407 883 1469 fic
898 1410 1044 1468 enim
1068 1408 1440 1470 conferamus.
1475 1408 1556 1469 est

347 1511 505 1557 tuum
531 1516 737 1556 nomen
763 1509 996 1576 utraque
1017 1488 1224 1556 familia
1241 1494 1549 1558 consulare.

348 1605 487 1646 num
503 1582 719 1643 dubitas
738 1584 927 1661 igitur,
950 1584 1086 1660 quin
1111 1603 1329 1659 omnes,
1357 1585 1456 1662 qui
1471 1581 1555 1642 fa·

348 1685 487 1730 vent
510 1670 809 1744 nobilitati,
844 1670 944 1748 qui
980 1668 1034 1728 id
1067 1684 1264 1749 putant
1294 1669 1398 1730 else
1427 1668 1556 1750 pul·

349 1757 698 1832 cherrimum,
714 1759 810 1834 qui
828 1756 1177 1833 imaginibus,
1195 1759 1292 1836 qui
1309 1756 1558 1816 nomini-

348 1843 459 1902 bus
488 1840 677 1902 vestris
716 1842 1017 1913 ducuntur,
1057 1856 1112 1900 te
1149 1843 1380 1902 aedilem
1411 1839 1558 1901 fece·-

356 1927 509 1988 rint?
540 1929 792 2006 equidem
822 1947 943 1986 non
973 1926 1190 1988 dubito.
1237 1927 1350 2004 sed,
1389 1926 1428 1986 fi
1459 1947 1558 2007 pa·

360 2033 483 2073 rum
506 2013 835 2088 multisunt,
858 2012 956 2092 qui
973 2014 1321 2073 nobilitatem
1345 2028 1562 2072 amente

360 2121 496 2160 num
518 2099 615 2160 ista
630 2099 703 2160 est
726 2098 909 2160 nostra
931 2098 1088 2176 culpa
1109 2101 1132 2158 ἓ
1157 2102 1356 2159 etenim
1380 2097 1450 2158 ad
1466 2117 1560 2158 ca-

357 2203 483 2268 put,
506 2201 562 2247 et
586 2188 653 2248 ad
678 2187 895 2247 fontem
916 2184 1195 2263 utriusque
1222 2187 1439 2264 generis
1457 2205 1562 2244 ve-

361 2275 600 2333 niamus.
689 2280 789 2334 Tu
804 2291 862 2331 es
877 2289 950 2328 ex
963 2272 1268 2352 municipio
1293 2268 1556 2349 antiquis·
1577 2290 1606 2335 8

360 2355 497 2417 fimo
512 2357 853 2432 Tusculano,
875 2375 948 2414 ex
974 2375 1088 2434 quo
1111 2355 1376 2435 plurimae
1401 2356 1576 2416 fami--

362 2441 469 2500 liae
491 2441 617 2502 sunt
630 2443 980 2504 consulares·
1006 2443 1066 2500 in
1083 2444 1286 2520 quibus
1303 2442 1376 2503 est
1393 2443 1558 2501 etiam

361 2534 397 2605 J
402 2531 647 2590 uventiat
665 2545 807 2610 quot
820 2549 851 2589 e
863 2525 1090 2606 reliquis
1107 2529 1422 2610 municipiis
1439 2546 1560 2586 om·
