1717 3075
379 218 420 267 2
675 209 726 261 Ο
742 205 853 261 RA
870 200 1031 264 ΤῘΟ
1077 201 1244 261 PRO

376 302 571 381 nium,
613 298 705 360 vel
733 300 807 369 ,in
845 300 1038 378 primis
1074 300 1165 358 hic
1204 304 1277 358 A.
1326 296 1583 358 Licinius

377 388 616 449 fruecum
651 407 683 445 a
711 406 798 445 me
829 398 1073 465 repetere
1111 402 1287 465 prope
1320 383 1417 443 suo
1452 384 1585 461 jure

374 473 580 535 debet.
661 493 793 532 nam
831 470 1017 549 quoad
1062 470 1361 548 longissime
1404 468 1586 551 potest

376 578 536 621 mens
574 580 697 620 mea
737 556 1003 638 respicere
1036 554 1265 637 spatium
1302 559 1587 636 praeteriti

324 692 326 697 .
376 648 670 725 temporis,
697 663 754 704 et
769 645 1033 727 pueritiae
1055 646 1376 705 memoriam
1392 662 1586 705 reect-

375 732 498 794 dari
514 732 784 806 ultimam,
806 730 940 791 inde.
951 728 1121 811 usque
1142 744 1417 809 repetem,
1432 732 1587 789 hunc

379 820 548 879 video
579 820 714 879 mihi
755 817 1062 899 principem
1092 831 1150 875 et
1186 816 1255 875 ad
1291 813 1587 896 suscipien-

169 912 174 918 '
279 940 282 943 ⁴
335 924 344 931 ”
379 906 530 981 dam,
561 921 619 966 et
649 904 716 965 ad
741 903 1151 983 ingrediendam
1180 905 1454 962 rationem
1478 905 1589 963 ho-

381 1010 506 1053 rum
539 991 840 1053 studiorum
872 988 1127 1053 extitisse.
1188 990 1340 1068 quod
1377 988 1416 1047 fi
1451 992 1591 1049 haec

380 1098 524 1153 vox,
560 1079 724 1157 hujus
745 1081 995 1151 hortatu,
1028 1074 1431 1156 praeceptisque
1444 1095 1590 1136 con—

381 1166 642 1239 formata,
659 1163 947 1225 nonnullis
963 1162 1261 1242 aliquando
1280 1162 1432 1222 saluti
1447 1161 1554 1222 fuit
1568 1186 1587 1223 ι

382 1274 418 1313 a
440 1273 554 1333 quo
578 1251 636 1311 id
658 1252 991 1330 accepimuS,
1021 1270 1135 1329 quo
1152 1250 1378 1310 caeteris
1400 1249 1592 1328 opitu·

383 1340 510 1413 lari,
534 1354 588 1398 et
605 1338 748 1397 alios
766 1337 977 1396 servare
999 1334 1239 1415 poffemu
1248 1356 1294 1411 ε,
1311 1337 1441 1394 huic
1456 1352 1593 1416 pro·

381 1425 529 1487 festo
553 1424 670 1505 ipfi,
695 1438 963 1502 quantum
978 1421 1055 1483 est
1068 1421 1226 1483 fitum
1243 1426 1301 1482 in
1320 1423 1509 1498 nobiS,
1534 1438 1594 1483 et

380 1534 548 1594 opem
579 1527 635 1572 et
667 1511 891 1571 salutem
920 1510 1059 1572 ferre
1080 1510 1358 1571 debemus·
1406 1530 1493 1585 ac,
1512 1529 1593 1572 ne

302 1626 307 1632 ·
383 1601 484 1680 qui
515 1620 547 1658 a
585 1599 750 1658 nobis
781 1601 892 1658 hoe
920 1599 999 1656 ita
1030 1598 1138 1658 dici
1163 1597 1309 1658 forte
1337 1599 1593 1674 miretur,

383 1684 540 1767 quod
560 1685 666 1744 alia
681 1684 949 1764 quaedam
967 1685 1027 1744 in
1049 1687 1158 1744 hoc
1180 1683 1486 1743 facultasfit
1501 1687 1591 1743 in·

383 1774 557 1851 genii,
589 1789 770 1850 neque
785 1775 917 1832 haec
932 1771 1150 1832 dicendi
1176 1772 1341 1845 ratio,
1370 1785 1467 1830 aut
1480 1769 1592 1830 dis-

387 1858 628 1939 ciplina.
662 1879 732 1916 ne
755 1879 865 1918 nos
897 1857 1117 1938 quidem
1142 1860 1269 1917 huic
1284 1855 1594 1918 cunstistu·

381 1943 486 2008 dio
500 1946 724 2025 penitus
741 1964 987 2024 unquam
1008 1943 1185 2005 dediti
1208 1944 1434 2004 fuimus.
1480 1959 1594 2004 ete

380 2033 724 2092 nim-omnes
741 2046 913 2106 artes,
934 2049 1083 2111 quae
1106 2030 1175 2091 ad
1196 2032 1597 2090 humanitatem

379 2120 698 2197 ‚per-tinent,
735 2121 943 2180 habent
980 2117 1259 2198 quoddam
1296 2135 1599 2180 commune

381 2206 702 2281 ninculum,
731 2220 787 2264 et
813 2203 963 2285 quasi
992 2207 1329 2284 cognatione
1359 2203 1595 2286 quadam

385 2290 540 2352 inter
557 2291 610 2352 se
631 2293 1020 2354 continentur.
1154 2292 1258 2352 Sed
1276 2313 1347 2351 ne
1362 2292 1453 2352 cui
1470 2289 1595 2352 -vess
1618 2297 1645 2332 2
1680 2313 1685 2318 ·

317 2433 322 2436 ,
377 2382 540 2440 trum
555 2382 756 2446 mirum
777 2377 881 2439 effe
899 2379 1173 2454 videatur,
1208 2381 1380 2440 mein
1404 2377 1595 2459 quaes-

377 2467 548 2527 tione
565 2467 832 2546 legitima,
847 2481 907 2526 et
917 2467 978 2526 in
988 2465 1205 2545 judicio
1218 2463 1595 2547 publieo‚cum

381 2571 482 2618 τεῦ
511 2571 702 2634 agatur
731 2553 877 2637 apud
907 2568 1218 2637 praetorem
1247 2553 1441 2636 populi
1472 2556 1592 2612 Ro·
