1717 3075
409 196 772 253 ARCHIA
811 198 1144 254 POETA.
1304 210 1379 269 ις

175 312 298 355 rum
327 288 488 351 facile
507 293 863 370 praeconium
896 292 1151 370 patiatur.
1217 296 1275 351 T
1279 295 1374 351 he·

177 376 474 441 mistoclem
503 376 680 453 illum,
718 375 990 437 summum
1022 379 1259 437 Athenis
1288 378 1399 439 vi·'

179 485 322 538 rum,
347 460 542 522 dixiffe
555 466 738 537 aiunt,
757 484 883 523 cum
898 482 971 522 ex
996 482 1065 522 eo
1090 484 1375 542 quaerere·

177 566 290 625 tur,
319 547 474 629 quod
489 569 768 625 acroama,
797 565 895 609 aut
910 549 997 627 cuj
1008 570 1071 607 us
1094 570 1293 610 vocem
1306 550 1377 611 li·

175 635 474 697 bentiffime
493 636 726 696 audiret:
758 635 779 667 ‘
809 637 956 714 ejus,
978 654 1011 693 a
1026 656 1139 715 quo
1154 636 1249 696 sua
1262 638 1381 697 vir·

179 722 202 757 ‘
231 737 322 783 tus
337 722 550 801 optime
575 720 1025 803 praedicaretur.’
1067 725 1255 802 itaque
1286 722 1380 783 ille

179 811 395 871 Marius
423 809 558 867 item
573 809 776 867 eximie
799 814 870 868 L.
890 808 1131 869 Plotium
1146 810 1343 870 dilexit
1357 831 1377 870 ε

177 896 338 974 cujus
355 895 585 970 ingenio
601 896 828 974 putabat
848 915 935 969 ea,
964 914 1105 974 quae
1126 893 1377 973 gefferat,

176 979 328 1062 poffe
343 980 628 1040 celebrari.
660 980 1097 1042 Mithridaticum
1110 1002 1247 1043 vero
1263 981 1380 1041 bel·

177 1068 290 1129 lum
313 1086 579 1144 magnum
595 1080 760 1145 atque
773 1066 1017 1142 difficile,
1042 1068 1183 1129 etin
1204 1067 1383 1128 multa

177 1155 446 1217 varietate
461 1168 607 1213 terra
620 1155 865 1233 marique
878 1152 1177 1231 verfitmn,
1199 1170 1383 1215 totum

178 1242 250 1301 ab·
263 1242 374 1301 hoc
389 1236 695 1319 expreffum
707 1239 780 1300 est
799 1263 816 1300 z
840 1241 939 1321 qui
952 1240 1083 1303 libri
1102 1262 1225 1302 non
1254 1262 1393 1301 mo··

177 1326 256 1387 do
290 1333 362 1386 L.
382 1325 700 1401 Lucullum,
729 1327 1072 1388 fortissimum
1094 1344 1151 1388 et
1167 1328 1395 1388 clariffi-·

179 1432 332 1473 mum
346 1413 555 1488 virum,
580 1433 774 1473 verum
786 1416 955 1475 etiam
966 1415 1158 1494 populi
1174 1420 1381 1474 Roma·

177 1500 240 1560 ni
256 1518 470 1560 nomen
490 1498 784 1584 illustrant.
833 1500 1075 1582 populus
1092 1502 1241 1562 enim
1256 1506 1395 1562 Ro·-

173 1605 378 1647 manus
393 1590 626 1667 aperuit,
645 1588 879 1648 Lucullo
892 1589 1217 1669 imperante,
1236 1595 1381 1649 Pon-

175 1687 320 1749 tum,
356 1687 414 1732 et
445 1675 612 1751 regiis
631 1674 919 1754 quondam
932 1677 1155 1756 opibus,
1188 1691 1244 1735 et
1267 1672 1381 1756 ipsa

174 1774 380 1821 natura
395 1761 639 1838 regionis
657 1760 941 1822 vallatum:
964 1762 1159 1842 populi
1176 1767 1397 1820 Roma-·
1498 1799 1501 1804 -

175 1849 240 1908 ni
259 1848 564 1924 exercitus,
589 1847 782 1908 eodem
799 1847 959 1924 duce,
990 1868 1109 1908 non
1136 1849 1379 1907 maxima

174 1953 348 1994 manu
365 1933 786 1996 innumerabiles
807 1936 1199 1994 Armeniorum
1220 1936 1399 2015 copi--

173 2039 236 2080 as
249 2019 428 2080 fudit:
462 2022 654 2102 populi
673 2023 911 2084 Romani
924 2022 1045 2081 laus
1059 2019 1156 2095 est,
1187 2023 1399 2082 urbem·

171 2107 546 2168 amiciffimam
561 2105 1231 2187 Cyzicenorum,ejnsdem
1246 2128 1385 2169 con·

172 2191 320 2270 filio,
350 2213 426 2254 ex
451 2197 608 2254 omni
635 2196 848 2276 impetu
880 2195 1061 2273 regio,
1099 2214 1167 2254 ac
1202 2197 1378 2255 totius

173 2279 308 2341 heui
323 2301 422 2340 ore
441 2281 770 2342 achacii-ms
794 2296 1037 2362 ereptam
1056 2278 1183 2357 effe,
1214 2296 1399 2363 atque.-

171 2363 467 2428 strvatamz
489 2366 676 2429 nostra
688 2365 897 2447 semper
910 2367 1136 2444 feretur,
1150 2381 1210 2426 et
1223 2387 1381 2448 prae-

169 2451 472 2529 dicabitur,
511 2461 584 2516 L.
623 2455 866 2516 Lucullo
895 2453 1221 2528 dimicante,
1252 2455 1407 2513 cuin⁴

168 2539 482 2606 interstffiz
495 2540 726 2608 ducibus
743 2539 989 2626 deptefl‘a
1000 2538 1239 2604 hostium.
1252 2533 1382 2600 claf-
1391 2557 1405 2568 ·
