1717 3075
307 156 420 215 204
519 140 641 199 DE
678 142 1274 202 HARUSPICUM

304 230 481 299 sacras
504 238 837 314 inflammas,
860 260 986 301 cum
1017 239 1202 303 servos
1229 240 1510 319 concitas,

288 346 435 391 ,cum
468 322 647 400 sacra,
698 325 1006 413 ludosque
991 329 1327 401 conturbas
1306 368 1326 402 ,
1375 348 1511 388 cum

303 432 539 476 uxorem
554 409 900 491 sororemque
920 434 1040 473 non
1055 410 1338 487 discernis,
1351 434 1510 488 eum,

306 497 492 577 quod
478 517 630 557 meas
648 497 845 574 cubile,
865 520 985 559 non
1002 497 1192 573 sentiS,
1221 520 1350 559 cum
1372 501 1506 561 bac-

306 585 509 657 chas-iz,
531 605 657 643 cum
686 585 849 659 furis,
877 600 996 644 tum
1027 585 1126 645 das
1155 604 1246 643 eas
1267 596 1506 663 poenu,

308 688 449 749 quae
476 668 621 728 solae
651 668 777 729 sunt
813 673 1104 731 hominnm
1135 669 1320 731 sceleri
1341 670 1503 729 adiis

307 755 711 815 immortalibus
726 755 1070 817 constitutae.
1103 776 1230 815 nam
1247 757 1504 835 corporis

308 840 533 919 quidem
548 841 717 903 nostri
728 842 1020 902 infirmitas
1036 841 1242 903 multos
1259 840 1400 901 subit
1415 861 1508 902 ca-

308 924 397 987 sus
414 948 509 1007 per
522 926 609 987 set
634 927 870 1008 denique
882 927 1058 1007 ipsum
1079 948 1278 1008 eorpus
1299 926 1506 987 tenuis-

306 1010 438 1075 fima
466 1012 617 1093 saepe
638 1012 705 1073 de
730 1012 886 1074 causa
914 1013 1206 1074 conficitur
1226 1036 1242 1071 ε
1265 1012 1504 1075 deorum

305 1095 417 1159 t'ela
454 1102 515 1157 in
568 1102 862 1178 impiorum
901 1102 1178 1161 mentibus
1215 1098 1459 1177 figuntur
1481 1143 1501 1161 .

306 1183 475 1263 qixare
488 1183 734 1245 miserior
762 1206 843 1261 es,
869 1188 1079 1246 cum‘in
1101 1206 1324 1249 omnem
1351 1184 1502 1245 frau-

306 1270 434 1333 dem
456 1274 661 1352 raperis
690 1272 890 1346 oculis,
911 1292 1078 1352 quam
1106 1269 1146 1331 sl
1175 1272 1410 1333 omnino
1433 1292 1504 1331 o-

308 1356 467 1419 eulos
482 1379 601 1418 non
624 1360 870 1418 haberes.
999 1358 1126 1433 Sed,
1140 1359 1408 1437 quopiam
1427 1358 1502 1417 de
1523 1377 1576 1423 19

309 1444 381 1503 iis
414 1445 696 1517 omnibu8‚
718 1464 857 1523 quae
887 1442 1192 1524 haruspioes
1221 1442 1500 1505 commissa

258 1541 265 1548 ‘
308 1528 411 1590 effe
441 1529 652 1605 dicunt,
675 1528 803 1590 satis
822 1529 898 1590 est
919 1531 1162 1603 dietunu
1193 1529 1503 1608 videamus,

309 1617 447 1694 quid
460 1617 625 1676 iidem
646 1615 954 1694 hatuspices
978 1639 1010 1676 a
1023 1617 1128 1678 diis
1138 1618 1256 1694 jam
1271 1619 1504 1678 immor-

304 1701 508 1764 talibus
522 1703 712 1762 dicant
722 1705 960 1763 moneri.
993 1720 1248 1764 monent=
1273 1704 1294 1736 ‘
1317 1724 1390 1764 ne
1403 1723 1506 1784 pet
1537 1773 1541 1778 .

308 1785 333 1821 ‘
362 1790 709 1868 optimatium
732 1788 1078 1864 discordiam,
1099 1788 1504 1850 diffenfionem·

306 1871 330 1938 .‘
360 1894 490 1954 que,
518 1877 785 1954 patribus,
808 1875 1252 1957 principibusque
1279 1875 1500 1952 caedes,

252 1973 254 1975 ’
306 1957 330 1992 ‘
358 1961 705 2041 periculaque
720 1978 996 2038 creentur,
1009 1963 1326 2043 auxilloque
1339 1961 1502 2022 dimi-

300 2045 330 2083 5
358 2050 483 2108 nuti
502 2047 847 2110 deficiantur:
869 2069 1038 2129 quare
1051 2049 1122 2108 ad
1137 2069 1308 2111 unum
1327 2050 1504 2127 impe-

306 2132 329 2165 ‘
358 2134 501 2192 rium
522 2136 839 2213 prov-inciae
855 2135 1102 2208 redeant,
1123 2132 1507 2213 exercitusque

306 2219 327 2251 ⁴
356 2219 564 2298 pulsae,
588 2220 990 2301 diminutioque
1012 2221 1270 2282 accedat)
1317 2219 1504 2280 hams-

303 2307 487 2386 picum
511 2308 676 2365 verba
690 2303 814 2368 sunt
838 2310 970 2367 haec
985 2309 1176 2368 omnia
1190 2329 1207 2364 ε
1240 2305 1384 2366 nihil
1403 2305 1504 2366 ad-

304 2390 383 2450 do
397 2389 465 2448 de
479 2409 625 2450 meo.
659 2393 783 2469 quis
800 2393 969 2469 igitur
983 2398 1125 2454 hanc
1149 2393 1508 2472 optimatium

304 2472 629 2538 discordiam
652 2477 910 2538 molitur?
933 2479 1076 2542 idem
1103 2476 1200 2542 iste
1220 2500 1236 2538 ε
1269 2497 1372 2540 nec
1387 2477 1504 2540 ulla
