1717 3075
551 79 1165 137 nnspowsrs.
1345 93 1459 157 ηρ

233 174 460 237 Miloni
481 197 497 235 ε
522 172 560 233 fi
584 174 738 253 quod
757 176 818 235 in
835 196 921 235 me
937 174 1107 234 telum
1127 171 1456 251 intenderit,

239 260 426 329 statim
444 282 532 321 me
547 258 650 321 effe
673 276 1015 343 arrepturum
1040 282 1188 321 arma
1202 259 1452 339 judicio-

242 368 394 423 rum,
420 362 586 427 atque
600 349 803 427 legum.
830 350 981 429 atqui
998 348 1161 427 paulo
1172 363 1327 421 ante,
1349 353 1452 407 Pa·-

242 448 358 493 tres
377 434 698 517 conscripti,
725 437 1055 495 concionem
1072 436 1284 508 habuit,
1312 454 1451 513 quae

238 518 314 583 est
348 520 420 581 ad
443 542 528 581 me
559 538 680 582 tota
702 521 916 584 delata·
964 522 1122 599 cujus
1155 521 1447 581 concionis

239 608 484 689 primum
525 606 841 669 universum
880 624 1283 687 argumentum,
1324 606 1448 669 sen-

239 696 585 774 tentiamque
606 694 808 755 audite.
837 716 985 764 ,cum
1008 694 1277 754 riseritis'
1262 714 1446 772 impu·

238 780 488 841 dentiam
505 782 746 841 hominis
751 826 772 858 ,
792 796 911 841 tum
928 804 956 841 a
972 802 1058 841 me
1082 780 1149 840 de
1173 796 1293 840 tota
1307 802 1445 841 con·

195 884 220 927 5
238 868 406 941 eione
421 867 674 928 audietis·
766 876 854 927 De
870 866 1236 947 religionibus
1254 864 1444 943 sacris,

240 969 300 1015 et
319 956 684 1015 caeremoniis
715 953 788 1015 est
819 956 1210 1031 concionatuS,
1253 960 1445 1019 Patres

239 1038 565 1122 conscripti,
585 1041 838 1105 Clodius.
889 1049 951 1103 P.
972 1044 1223 1123 inquam,
1250 1026 1443 1101 Clodi·

237 1148 306 1189 us
323 1127 470 1187 sacra
487 1146 540 1188 et
557 1128 852 1208 religiones
872 1129 1074 1209 negligi
1079 1128 1298 1205 ,violari
1304 1125 1448 1207 ‚pol

238 1214 344 1289 lui,
367 1214 584 1294 questus
599 1216 694 1277 est.
721 1239 840 1277 non
857 1238 1081 1291 mirum,
1104 1216 1143 1277 fi
1158 1218 1266 1277 hoc
1280 1215 1447 1275 vobis

239 1301 534 1363 ridiculum
565 1302 804 1365 videtur.
851 1298 1021 1365 etiam
1044 1303 1135 1363 sua
1150 1304 1352 1363 concio
1366 1300 1445 1359 ri-

239 1386 305 1453 fit
321 1391 625 1464 hominem,
657 1390 945 1471 quomodo
968 1390 1079 1471 ipse
1108 1389 1333 1469 gloriari
1358 1384 1447 1447 so-

235 1472 342 1553 let,
377 1478 629 1562 ducentis
659 1476 945 1539 confixum
981 1472 1446 1538 senatus-consul-

239 1565 342 1639 tis„
379 1586 516 1642 quae
556 1563 681 1624 sunt
716 1567 908 1626 omnia
938 1581 1135 1626 contra
1158 1563 1313 1646 illum
1338 1581 1443 1643 pro

240 1651 600 1728 religionibus
615 1650 776 1728 facia,
789 1653 1182 1733 hominemque
1198 1651 1448 1732 eum,qui
1531 1694 1542 1702 -

237 1736 621 1818 pulvinaribus
645 1747 832 1802 Bonae
855 1747 1006 1800 Deae
1020 1737 1261 1822 stuprum
1292 1741 1445 1798 intu-

237 1823 390 1899 lerit,
419 1846 591 1904 eaque
622 1824 790 1902 sacra,
830 1847 971 1907 quae
1002 1828 1109 1886 viri
1140 1825 1337 1902 oculiS,
1369 1845 1443 1886 ne

235 1911 606 1992 imprudentis
637 1913 881 1994 quidem,
910 1910 1073 1996 aspici
1088 1909 1442 1994 *sasestanon

236 1996 414 2061 solum
431 1996 640 2079 aspectu
657 2001 824 2078 virili,
848 1997 939 2060 sed
963 2001 1195 2078 flagit‘i0‚
1226 1997 1443 2081 stuproq-

237 2105 348 2166 que
364 2086 612 2162 violarit,
627 2089 686 2147 in
702 2089 975 2160 concione
992 2087 1058 2148 de
1077 2087 1443 2164 religionibus

235 2173 501 2253 neglestis
527 2177 816 2254 conqueri.
866 2177 1051 2254 itaque
1077 2195 1227 2234 nunc
1244 2175 1439 2256 proxi·

235 2263 554 2322 maconcio
583 2263 703 2339 ejus
724 2263 1041 2342 expediatur
1070 2261 1136 2321 de
1154 2263 1437 2341 pudicitia·-

213 2348 372 2426 ‘quid
401 2349 552 2412 enim
583 2348 823 2424 interest,
855 2366 1041 2410 utrum
1079 2350 1147 2408 ab
1180 2348 1443 2425 altaribus

233 2433 632 2516 religiofiffimis
648 2435 889 2516 fugam,
918 2435 985 2496 de
1008 2433 1169 2498 sacris
1187 2451 1242 2498 et
1258 2434 1452 2516 relig}
