1717 3075
380 121 1032 179 CN.1²LANC10.
1205 132 1318 199 23⁷

124 216 282 279 nibus
301 236 425 277 non
448 216 597 278 sunt.
641 214 821 277 hic-est
836 236 868 275 e
881 212 1216 296 praescitur-a
1238 222 1320 275 A·

126 304 308 378 tinati,
348 324 467 363 non
492 318 605 363 tam
628 302 823 383 prisca,
853 324 973 363 non
999 316 1112 361 tam
1135 304 1321 361 hono-

122 405 265 461 rata,
288 410 409 449 non
432 404 547 449 tam
570 388 896 450 subusbana.
941 402 1216 469 quantum
1232 390 1322 447 in·

126 472 311 535 teresse
344 478 431 535 vis
468 476 538 535 ad
576 478 845 537 rationem
886 473 1110 555 petendi
1137 474 1160 533 ἓ
1207 476 1324 554 pti·

120 581 297 635 mum,
320 576 505 621 utrum
528 564 702 639 magis
724 561 911 622 favere
931 576 1094 641 putas
1119 562 1322 619 Atina-

125 662 234 721 tes,
256 668 329 707 an
349 638 725 724 Tusculanos,
741 646 877 707 sui-s?
904 647 1061 707 alteri
1085 644 1248 716 (seire
1263 668 1322 707 e·

130 735 247 793 nim
270 737 375 793 hoe
391 749 619 814 propter
636 735 984 794 vicinitatem
1007 732 1168 792 facile
1195 730 1324 811 pos-

129 817 289 895 sum)
311 840 440 880 cum
470 820 643 899 hujus
674 820 992 879 ornatissimi
1021 834 1188 898 atque
1211 840 1324 899 op·

130 907 251 967 timi
280 907 412 981 viri,
442 912 553 967 Cn.
588 908 890 980 Saturnini,
929 920 1142 985 patrem
1175 904 1325 965 aedi·

130 989 235 1051 lem
240 1012 397 1067 ‚cum
414 1006 724 1071 praetorem
740 991 1024 1068 viderunt,
1041 991 1194 1071 quod
1205 992 1324 1070 pri·
1367 1060 1374 1065 ὁ

128 1098 253 1141 mus
288 1078 380 1137 ille
415 1099 537 1138 non
574 1078 747 1139 modo
782 1080 845 1137 in
883 1098 1004 1137 eam
1040 1077 1325 1153 familiam,

130 1160 219 1225 sed
248 1166 412 1225 etiam
434 1165 497 1224 in
522 1164 909 1242 praesciturum
937 1164 1110 1241 illam,
1141 1162 1328 1225 sellam

126 1250 373 1311 curulem
393 1248 669 1311 attuliffet=
692 1250 1006 1311 mirandum
1021 1250 1326 1311 {amodum

127 1336 317 1397 laetati
342 1335 487 1396 sunt.
539 1336 742 1397 alteros
762 1335 982 1411 (crede,
1015 1339 1144 1415 quia
1161 1335 1326 1395 refer·

128 1439 248 1507 pum
272 1420 349 1483 est
376 1423 732 1502 municipium
754 1414 1134 1494 consularibus
1157 1444 1172 1482 =
1197 1442 1327 1483 nam

128 1508 437 1572 malevolos
452 1530 571 1570 non
586 1508 687 1570 effi:
700 1510 857 1570 certo
876 1506 1018 1585 scio)
1041 1528 1328 1589 nunquam

129 1595 383 1656 intellexi
398 1597 779 1656 vehementius
801 1594 1078 1675 hospitum
1105 1593 1330 1656 suorum

128 1685 348 1744 honore
376 1681 584 1742 laetari.
631 1683 890 1742 habemus
914 1684 1024 1741 hoc
1045 1701 1191 1742 nose
1227 1684 1330 1742 ha·

130 1769 265 1830 bent
280 1765 461 1828 nostra
474 1769 793 1848 municipia.
838 1766 975 1848 quid
993 1787 1102 1846 ego
1130 1765 1199 1828 de
1218 1787 1334 1844 me,

130 1853 201 1916 de
217 1854 385 1914 fratre
400 1875 522 1914 meo
538 1854 735 1933 loquar
742 1855 1005 1934 &luorum
1019 1856 1334 1915 bonoribus

129 1942 251 2018 agri
276 1960 449 2020 prope
478 1940 659 2000 dicam
689 1939 810 2021 ipfi,
832 1937 1157 2017 montesque
1178 1938 1332 2000 fave·

128 2041 289 2091 runt.
316 2046 453 2085 num
466 2025 694 2106 quando
709 2026 866 2086 vides
880 2023 1258 2086 Tusculanum
1271 2045 1334 2084 a·

125 2111 343 2194 liquem
360 2112 427 2172 de
454 2118 539 2171 M.
558 2117 775 2172 Catone
790 2111 966 2171 moin
982 2113 1140 2171 omni
1154 2113 1332 2171 virtu·

125 2216 187 2262 te
203 2200 479 2280 principe,
495 2218 629 2256 num
648 2197 717 2256 de
731 2198 1202 2270 T.Coruncanio‚
1215 2214 1336 2255 mu-

124 2289 321 2366 nicipe
336 2283 456 2358 sue,
482 2303 617 2342 num
638 2283 706 2342 de
722 2298 813 2343 tot
833 2280 1048 2342 Fulviis
1062 2281 1331 2359 gloriari?

123 2373 365 2434 verbum
378 2389 547 2430 nemo
562 2368 717 2428 facit.
762 2383 845 2443 at,
866 2369 928 2427 in
949 2385 1338 2446 quemcunque

124 2459 464 2540 Arpinatem
486 2453 769 2534 incideris,
792 2456 958 2515 etiam
981 2451 1018 2514 fi
1033 2452 1210 2533 nolis,
1225 2453 1336 2520 erit
