1717 3075
319 142 396 199 60
671 136 1198 195 ORAT1011.

314 230 494 291 studio
517 233 577 291 in
595 230 981 311 rempublicam
996 228 1124 303 fuit,
1146 243 1209 289 ut
1226 230 1547 307 excogita-

315 331 424 393 ret,
461 311 918 397 quemadmodum
948 315 1306 375 calamitatem
1338 336 1545 375 meam

319 424 440 462 non
457 403 625 463 modo
647 400 877 474 levaret,
902 399 989 459 sed
1005 402 1167 460 etiam
1182 400 1538 461 honestaret.

315 488 452 568 quid
469 491 618 549 enim
635 486 1096 565 magnificentius,
1117 486 1249 566 quid
1269 486 1541 567 praecla-

316 578 436 634 rius
453 576 588 634 mihi
604 573 842 633 accidere
859 574 1063 653 potuit,
1080 594 1245 651 quam
1260 572 1447 651 quod,
1464 574 1538 632 il·

317 660 380 719 lo
404 676 647 739 petente,
669 678 774 717 vos
789 656 1121 733 decrevistis,
1152 674 1214 717 ut
1237 661 1427 718 cuncti
1456 678 1540 717 ex

319 747 478 805 omni
495 744 773 823 Italia,qui
787 744 1175 823 rempublicam
1191 742 1395 803 salvam
1412 746 1543 804 vel·

320 831 466 907 lent,
495 830 563 891 ad
579 850 664 890 me
689 850 883 903 unum,
905 831 1182 888 hominem
1207 828 1447 888 fractum
1474 844 1539 889 et

319 938 499 999 prope
518 916 628 975 dissi
631 929 818 995 patum
821 958 841 989 ,
855 914 1245 973 restituendum
1258 930 1317 973 et
1330 914 1537 973 defen·

321 1003 566 1063 dendum
587 1002 882 1061 venirent?
906 1015 990 1075 ut,
1020 1019 1129 1078 qua
1149 1020 1289 1059 voce
1300 1016 1533 1059 ter-om·

251 1124 256 1131 ·
323 1089 471 1149 nino
485 1086 604 1169 post
621 1090 856 1145 Romam
880 1086 1161 1146 conditam
1186 1085 1531 1145 consulufiis

325 1172 457 1235 estet
472 1194 575 1255 pro
591 1170 848 1233 universa
857 1172 1131 1251 republica
1144 1173 1291 1251 apud
1310 1194 1410 1232 eos
1440 1172 1531 1231 so·

326 1260 466 1332 lum,
498 1262 592 1338 qui
615 1260 734 1337 ejus
752 1278 947 1317 vocem
974 1258 1233 1317 exaudire
1256 1257 1525 1340 poffient?

328 1345 520 1405 eadem
535 1365 672 1405 voce
688 1344 905 1402 senatus
922 1346 1177 1403 omnibus
1194 1347 1337 1420 agris
1361 1360 1531 1424 atque

330 1430 720 1510 oppidis,cives
726 1443 1031 1509 ,totamque
1048 1430 1260 1489 Italiam
1276 1430 1344 1489 ad
1362 1433 1528 1489 unius

331 1514 555 1577 falutem
573 1514 969 1575 defendendam
992 1518 1277 1575 excitaret.
1378 1514 1527 1590 Quid
1557 1549 1610 1580 ιο

332 1619 439 1680 ego
454 1599 742 1680 gloriofius
757 1602 894 1660 meis
918 1600 1143 1680 posteris
1166 1603 1325 1680 potui
1355 1602 1525 1660 relin-

333 1707 524 1767 quere,
555 1705 718 1765 quam
748 1690 858 1746 hoc
871 1685 1403 1764 senatumjudioaffe,
1426 1689 1525 1766 qui

334 1776 478 1832 civis·
491 1793 576 1832 me
591 1793 706 1832 non
727 1769 1067 1848 defendisset,
1086 1794 1213 1832 eum
1234 1774 1525 1853 rempubli-

336 1879 456 1918 cam
473 1857 674 1918 salvam
690 1857 947 1918 noluiss'e?
971 1861 1157 1938 itaque
1174 1874 1392 1918 tantum
1405 1857 1525 1918 ves·

336 1959 425 2002 tra
459 1947 773 2018 auctoritas,
816 1959 1035 2004 tantum
1056 1947 1259 2004 eximia
1286 1943 1521 2006 consulis

337 2029 582 2106 dignitas
602 2030 799 2104 valuit,
826 2045 891 2089 ut
914 2030 1151 2092 dedecus
1178 2047 1237 2090 et
1258 2032 1529 2108 flagitium·

334 2112 394 2175 se·
407 2118 749 2176 committere
761 2129 1002 2196 putaret,
1022 2116 1061 2174 fi
1080 2121 1205 2196 quis
1230 2137 1347 2176 non
1370 2119 1521 2177 veni-

335 2215 445 2262 ret.
477 2200 726 2282 idemque
739 2200 956 2274 consul,
978 2223 1105 2262 cum
1118 2203 1213 2262 illa
1232 2203 1521 2262 incredibi-

336 2285 410 2347 lis
423 2286 718 2346 multitudo
743 2294 997 2361 Romam,
1019 2303 1077 2346 et
1090 2309 1231 2368 pene
1246 2287 1401 2346 Italia
1412 2287 1523 2367 ipsa

337 2370 592 2447 veniffet,
620 2394 724 2432 vos
745 2372 1239 2452 frequentiffimos‘
1222 2393 1281 2432 m
1301 2374 1519 2452 Capito-

337 2455 476 2528 lium
487 2460 843 2522 convocavit.
870 2477 989 2574 quo
1001 2473 1252 2543 tempore
1266 2473 1529 2542 quautam
