1717 3075
315 88 423 161 ‘1822
517 100 640 157 DE
679 82 1273 159 HARusmcu'M

307 200 513 257 onibus
536 214 927 277 conqueratur,
950 220 1021 257 an
1046 219 1118 257 ex
1136 197 1401 257 sororum
1426 217 1553 259 cu·

307 282 494 343 biculo
518 284 774 361 egreffuS,
795 283 1064 365 pudorem
1081 284 1553 367 pudicitiamque

307 369 593 430 defendat?
613 370 804 451 respon
811 369 925 429 sum
940 371 1283 452 haruspicum
1299 372 1421 430 hoc
1436 392 1547 431 re·

309 477 444 517 cens
483 458 551 517 de
575 456 796 517 fremitu
821 460 883 517 in
922 460 1195 517 concione
1223 458 1500 517 recitavit
1520 478 1543 519 e

311 544 371 602 in
398 564 511 623 quo
542 564 666 605 cum
689 545 811 603 aliis
837 544 1027 603 multis
1052 543 1315 623 scriptum
1346 546 1541 605 etiam

311 628 449 688 illud
473 628 546 689 est
567 630 666 700 (id
683 629 836 710 quod
862 630 1121 707 audistis)
1146 632 1164 662 ‘
1190 631 1316 689 loca
1342 628 1535 705 sacra,

311 714 336 749 ‘
357 729 414 773 et
428 714 698 793 religiosa,
723 715 955 796 profana
971 718 1200 778 haberi.'
1230 719 1290 776 in
1306 736 1373 776 ea
1388 738 1537 777 cau-

312 799 370 862 sa
391 800 494 863 effe
509 803 652 862 dixit
667 804 895 863 domum
911 817 1108 878 meam,
1140 824 1172 861 a
1194 802 1533 881 religiofiffi-

313 908 410 951 mo
441 886 740 965 sacerdote,
771 898 834 949 P.
855 890 1083 967 Clodio,
1114 888 1527 951 consecratam.

314 975 528 1054 gaudeo
545 976 680 1035 mihi
701 974 770 1035 de
791 990 917 1037 toto
948 978 1056 1035 hoc
1086 976 1327 1053 ostento,
1358 974 1525 1057 quod

315 1062 462 1123 haud
513 1062 648 1137 scic,
690 1084 762 1123 an
805 1063 1166 1141 gravissimum
1203 1063 1397 1123 multis
1428 1065 1525 1123 his

317 1149 484 1209 annis
522 1150 651 1209 huic
697 1150 887 1210 ordini
924 1152 1242 1211 nuntiatum
1287 1149 1376 1225 fit,
1417 1148 1525 1211 da·

315 1252 430 1296 tarn
450 1257 566 1296 non
589 1236 758 1298 modo
775 1236 1000 1316 justam,
1030 1236 1120 1297 sed
1136 1239 1301 1297 etiam
1332 1235 1523 1297 neces-

317 1322 510 1383 sariam
532 1322 742 1383 causam
759 1323 863 1383 ess'e
878 1324 1117 1384 dicendi.
1164 1326 1444 1404 reperietis
1460 1344 1525 1385 e·

317 1411 439 1469 nim
453 1431 526 1469 ex
546 1412 654 1469 hoc
671 1427 794 1472 toto
810 1410 1089 1491 prodigi0,
1112 1426 1279 1491 atque
1291 1409 1523 1487 respon·

315 1494 401 1573 ro,
425 1517 531 1557 nos
551 1495 620 1556 de
642 1497 790 1558 istius
813 1495 1011 1557 scelere
1033 1518 1096 1557 ac
1124 1495 1333 1574 furore,
1356 1517 1422 1556 ac
1446 1496 1523 1558 de

314 1583 762 1665 impendentibus
779 1585 1035 1666 periculis
1050 1585 1304 1646 maximis
1310 1627 1329 1660 ,
1344 1603 1519 1666 prope

311 1671 432 1749 jam
447 1691 586 1730 voce
601 1673 762 1748 Jovis
788 1674 989 1752 optimi
1008 1674 1232 1732 maximi
1262 1689 1517 1752 praemo-

316 1759 460 1818 neri.
481 1755 567 1818 sed
585 1762 820 1837 primum
835 1761 1070 1838 expiabo
1088 1759 1409 1836 religionem
1424 1777 1513 1816 ae·

317 1843 472 1904 dium
504 1865 767 1920 mearum,
789 1844 830 1906 fi
852 1845 909 1906 id
934 1845 1109 1905 facere
1139 1865 1290 1921 vere,
1322 1867 1383 1905 ac
1404 1839 1513 1905 fide

317 1930 636 2011 cujusquam
649 1933 995 1993 dubitatione
1010 1947 1228 2011 potero.
1272 1929 1355 1990 fin
1369 1930 1513 1992 scm-

318 2018 479 2098 pulus
504 2020 838 2078 tenuissimus
876 2018 1101 2078 refidere
1130 2021 1329 2098 aliquis
1358 2015 1507 2078 vide·

313 2105 463 2165 bitur
484 2127 500 2164 t
526 2126 644 2178 non
667 2105 836 2166 modo
857 2107 1112 2184 patienti,
1146 2103 1233 2165 sed
1261 2106 1418 2164 etiam
1436 2103 1507 2164 li·

315 2192 469 2252 beuti
486 2193 673 2252 animo
694 2194 971 2274 portentis
988 2191 1217 2252 deorum
1232 2193 1504 2251 immorta-

317 2277 477 2352 lium,
503 2278 867 2359 religionique
895 2281 1119 2358 parebo.
1252 2277 1353 2337 Sed
1374 2274 1547 2356 quae⁶
1572 2233 1669 2323 .

317 2363 538 2422 tandem
554 2365 628 2424 est
649 2370 709 2426 in
733 2371 836 2425 hac
859 2366 994 2424 urbe
1024 2380 1177 2424 tanta
1200 2365 1416 2438 domus,
1434 2366 1500 2423 ab

315 2447 412 2514 ista
428 2448 710 2530 religionis
732 2451 1042 2536 suspicione
1067 2467 1182 2516 tam
1202 2471 1397 2530 vacua,
1420 2463 1497 2538 αξ
