1717 3075
363 124 477 181 272
656 113 1052 173 ORATIO
1102 116 1292 175 PRO

356 210 554 290 debere
568 212 732 271 bonis
757 215 1014 272 omnibus
1029 213 1244 274 satem-.-
1279 209 1379 273 sed
1413 214 1574 274 etiam

353 297 439 370 hi,
470 299 666 374 quibus
688 319 794 375 ego
811 294 1005 371 debeo,
1029 301 1165 358 boni
1182 301 1292 359 viri
1308 315 1374 359 et
1397 302 1574 374 cive-³,

353 382 613 442 aedilitiis
627 386 890 459 comitiis»,
919 384 1125 463 aliquid
1149 406 1278 445 meo
1297 385 1352 444 se
1381 389 1574 445 nomi-

354 488 431 526 ne
443 468 639 528 debere
668 468 894 530 Plancio
923 470 1196 530 dicebant.
1247 491 1458 531 verum
1490 472 1572 531 fac

352 572 445 613 me
460 555 646 613 multis
662 554 859 615 debere
865 572 940 629 ‚et
953 559 1012 615 in
1030 558 1098 615 iis
1117 556 1571 616 Planciotutrum

351 640 525 717 igitur
539 660 624 699 me
642 642 974 701 conturbare
991 658 1214 721 oportet
1235 644 1260 701 ἓ
1289 662 1364 701 an
1383 658 1571 701 caete·

350 727 454 801 πίε,
476 746 601 785 cum
618 726 878 805 cujusque
900 726 1016 787 dies
1035 729 1249 787 venerit
1266 750 1286 799 ς
1321 730 1441 788 hoc
1460 748 1570 786 no-

350 830 505 887 men,
529 813 682 891 quod
698 829 879 890 urget,
896 833 1047 872 nunc
1063 815 1447 893 competitur,
1463 811 1567 872 dis-

350 894 914 979 solvere?quanquam
929 896 1278 969 dissimilisest
1293 901 1570 975 pecuniae

353 982 587 1057 debitio,
618 1000 673 1049 et
702 987 936 1061 gratiae.·
975 1005 1104 1044 nam
1143 988 1238 1063 qni
1268 987 1568 1064 pecuniam

351 1066 617 1143 dissolvit,
636 1068 813 1129 statim
836 1090 956 1129 non
973 1073 1134 1130 habet
1157 1070 1239 1146 id,
1262 1070 1426 1148 quod
1441 1070 1566 1129 red-

348 1153 515 1213 didit:
548 1156 645 1234 qui
668 1170 845 1215 autem
860 1154 1046 1230 debet,
1071 1174 1164 1215 aes
1183 1156 1390 1215 retinet
1425 1156 1564 1215 alie·

350 1254 525 1303 nunu
541 1243 769 1319 gratiam
784 1258 961 1299 autem
980 1257 1038 1299 et
1049 1243 1145 1320 qui
1161 1240 1349 1315 refert,
1363 1244 1558 1301 habet:

349 1340 411 1385 et
432 1328 528 1407 qui
546 1328 727 1401 habet,
755 1328 816 1385 in
842 1347 910 1387 eo
926 1324 1044 1406 ipso
1071 1326 1224 1405 quod
1245 1328 1441 1401 habet,
1467 1334 1562 1385 ‘re-

348 1410 479 1471 fert.
536 1432 714 1491 neque
744 1433 848 1491 ego
874 1432 1026 1471 nunc
1057 1412 1280 1471 Plancio
1311 1410 1559 1471 definam

352 1495 570 1574 debere,
594 1497 633 1557 fi
649 1502 753 1559 hoc
768 1498 1006 1559 solvero:
1031 1518 1135 1558 nec
1153 1499 1338 1557 minus
1353 1499 1408 1556 ei
1435 1497 1562 1558 red·
1657 1559 1659 1572 1

350 1581 537 1643 derem
566 1585 858 1645 voluntate
887 1585 1024 1666 ipsa,
1059 1583 1098 1644 fi
1135 1589 1242 1644 hoe
1271 1583 1560 1644 molestiae

350 1690 473 1730 non
490 1669 778 1731 accidiffet.
824 1671 1040 1748 quaeris
1055 1691 1086 1728 a
1099 1690 1209 1745 me,
1236 1670 1395 1742 Cassi,
1415 1669 1555 1750 quid

347 1775 454 1834 pro
479 1755 646 1815 fratre
662 1776 807 1827 meo,
831 1757 928 1835 qui
952 1757 1084 1814 mihi
1115 1755 1191 1814 est
1221 1756 1554 1827 cariffimus,

344 1841 481 1918 quid
496 1839 600 1921 'pro
614 1843 750 1901 meis
767 1840 981 1914 liberIs,
997 1842 1198 1920 quibus
1217 1841 1350 1900 nihil
1365 1839 1548 1920 potest

344 1921 786 2002 ess‘ejucuridius,
803 1924 1056 2004 amplius,
1073 1916 1236 2005 quarn
1254 1947 1358 2004 pro
1375 1925 1548 1984 Plan-

342 2014 435 2072 cio
457 2010 623 2088 facio,
641 2011 813 2072 facere
829 2011 1054 2092 poffim‘z
1087 2032 1192 2070 nec
1214 2011 1386 2084 videS,
1409 2011 1544 2071 isto·

342 2118 467 2156 rum
498 2097 737 2176 ipsorum
768 2099 991 2157 caritate
1021 2097 1102 2156 ad·
1124 2097 1284 2173 huju's
1314 2095 1544 2158 salutem

341 2182 739 2243 defendendam
763 2184 998 2241 maxime
1027 2180 1282 2240 stimulari
1315 2203 1427 2258 me,
1461 2199 1544 2243 at-

341 2290 453 2348 que
467 2272 713 2328 excitari.
763 2289 892 2327 nam
923 2288 1103 2347 neque
1133 2268 1240 2326 illis
1261 2269 1429 2344 hujus
1461 2267 1542 2327 sa-

340 2354 474 2424 lute,
509 2375 540 2412 a
564 2374 677 2433 quo
698 2374 874 2411 meam
901 2351 1080 2411 sciunt
1109 2351 1212 2413 effe
1241 2351 1542 2427 defensam,

338 2437 727 2517 quidquamest
742 2439 988 2519 optatius
1009 2459 1028 2496 ε
1058 2453 1112 2498 et
1137 2458 1244 2516 ego
1265 2435 1378 2518 ipse
1395 2459 1540 2500 nunu
