1717 3075
419 210 563 269 (ΞΝ.
601 212 1072 271 PLAcho.
1228 226 1362 291 235-

129 326 232 383 or,
259 324 526 387 perquam
548 328 716 387 grave
737 308 812 369 est
829 307 999 368 dieiu.
1056 308 1350 389 quomodo

130 395 311 473 igitur
327 390 404 452 est
423 396 683 475 aequum?
713 394 802 471 fic,
833 394 1023 468 crede,
1054 394 1206 475 quod
1230 396 1352 473 agi-

131 495 256 555 tur,
275 480 428 559 quod
443 478 570 541 satis
587 480 659 541 est
685 482 897 561 judici3
930 483 1020 541 hic
1043 480 1215 541 faetus
1246 480 1345 543 est.

134 586 244 625 cur
274 564 370 625 iste
392 570 602 647 potius,
641 589 807 647 quam
830 570 980 645 ego?
1012 569 1098 629 vel
1134 567 1343 642 nescio,

137 651 238 713 vel
263 674 382 713 non
413 654 562 729 dice,
599 655 688 713 vel
727 656 989 733 denique,
1022 654 1173 733 quod
1214 655 1349 713 mihi

130 740 506 817 graviffimum
533 738 663 799 effet
688 740 760 800 sse
783 741 985 814 dicere,
1020 740 1105 800 sed
1122 743 1349 819 impune

131 842 328 886 tamen
347 825 598 885 deberem
621 826 836 887 dicere:
870 848 991 885 non
1009 830 1170 886 reete.
1218 846 1349 887 nam

131 910 280 993 quid
303 910 623 992 assequerer,
638 911 677 972 fi
700 914 794 973 ina
815 928 1062 972 extrema
1084 910 1353 971 defenfio·

136 1018 217 1058 ne
239 1014 448 1075 uterer,
469 999 758 1079 populum,
789 998 945 1078 quod
962 996 1238 1071 voluifl'et,
1267 996 1357 1065 seq

79 1084 114 1134 7
133 1082 290 1159 cisse,
307 1106 426 1144 non
441 1084 596 1165 quod
615 1083 911 1145 debuisset?
1000 1081 1170 1161 Quid,
1188 1082 1225 1143 fi
1242 1104 1349 1164 po·

136 1170 266 1253 puli
283 1192 508 1253 quoque
527 1172 726 1231 saetam
741 1170 1002 1247 defendo,
1019 1168 1355 1246 Laterenfis,

139 1272 203 1318 et
225 1256 426 1332 doceo,
460 1264 572 1317 Cn.
598 1257 885 1319 Plancium
920 1278 1041 1317 non
1064 1254 1353 1339 obrepfiss'e

141 1342 218 1405 ad
255 1347 554 1420 bonorem,
586 1342 676 1404 sed
705 1366 772 1404 eo
807 1341 1013 1405 veniss'e
1034 1342 1214 1416 cursu,
1253 1343 1354 1422 qui

142 1428 361 1511 semper
373 1432 610 1511 patuerit
625 1432 947 1490 hominibus
958 1431 1100 1489 ortis
1110 1432 1217 1489 hoe
1230 1424 1357 1487 nos-

143 1532 238 1579 tro
262 1514 494 1597 equestri
510 1516 668 1578 loco?
691 1514 977 1599 possumne
994 1517 1202 1597 eripere
1225 1536 1355 1576 ora-

145 1605 297 1667 tioni
326 1620 451 1664 tuae
475 1606 898 1665 contentionem
920 1603 1182 1676 vestrssm,
1215 1622 1357 1683 quae

149 1692 376 1752 tractari
391 1687 501 1750 fine
513 1691 844 1751 contumelia
868 1711 989 1750 non
1011 1687 1208 1772 potest,
1231 1704 1287 1750 et
1302 1703 1361 1752 te

148 1777 222 1839 ad
235 1797 336 1836 cau
343 1775 450 1836 sam
465 1777 1109 1858 aliquando,crimenque
1123 1776 1359 1838 deduce·

147 1862 450 1942 re3fi‚quod
465 1865 664 1944 equitio
676 1866 919 1924 Romani
928 1863 1072 1922 filius
1082 1861 1363 1934 est,inferi·

150 1971 222 2014 or
237 1948 342 2010 effe
357 1950 564 2023 debuit,
575 1971 771 2011 omnes
790 1966 967 2010 tecum
983 1971 1048 2028 eq
1056 1951 1228 2008 uirum
1244 1955 1358 2008 Ro·

151 2027 450 2098 manorum
465 2035 564 2096 filii
579 2039 917 2118 petiverunt.
943 2035 1084 2096 nihil
1100 2035 1225 2095 dico
1242 2055 1357 2094 am·

153 2124 325 2204 plius.
355 2125 464 2184 boc
488 2138 672 2186 tamen
691 2126 889 2197 miror,
918 2143 1015 2182 cur
1030 2138 1089 2182 tu
1110 2123 1237 2182 huic
1252 2140 1359 2200 po·

154 2209 412 2272 tiffimum
429 2208 679 2284 irascare,
699 2212 796 2290 qui
820 2208 1125 2286 longissime
1143 2229 1176 2265 a
1192 2224 1245 2267 te
1263 2209 1361 2266 ab·

157 2297 290 2359 fuit.
338 2295 617 2375 equidem,
645 2295 954 2378 fiquandO,
988 2311 1051 2354 ut
1074 2293 1159 2368 fit,
1179 2295 1360 2372 jaetot

156 2386 218 2444 in
252 2385 437 2458 turba,
467 2405 586 2443 non
617 2384 770 2444 illurn
807 2380 1023 2456 accuse,
1064 2383 1161 2460 qui
1190 2378 1267 2438 est
1296 2380 1361 2438 in

155 2468 368 2530 summa
383 2467 530 2530 sacra
545 2473 782 2544 via,enm
799 2489 904 2546 ego
922 2467 987 2528 ad
1006 2469 1229 2528 Fabium
1247 2465 1361 2526 for·

159 2558 343 2618 nicem
359 2555 646 2636 impellorz
673 2555 766 2618 sed
789 2575 939 2632 eum,
962 2555 1061 2634 qui
1086 2553 1147 2616 in
1168 2573 1253 2614 me
1276 2553 1361 2634 ip·
