1717 3075
474 204 1122 266 CN-PLANCIO.
1288 226 1404 282 229

196 316 371 379 quem
387 316 507 357 non
522 298 1120 380 oportuit,ajudicibus
1137 299 1402 361 condem-

197 383 421 443 nandus
438 382 533 457 est,
550 386 647 465 qui
664 387 989 463 praeteritus
1007 407 1126 445 non
1145 384 1240 445 est.
1269 407 1402 445 nam

194 468 242 531 fi
264 473 343 531 ita
371 468 535 531 effetz
567 470 726 549 ¹quod
756 485 942 551 patres
979 470 1122 551 apud
1159 473 1402 548 majores

197 554 423 617 nostros
445 571 629 615 tenere
645 577 765 617 non
788 572 1118 637 potuerunt,
1139 572 1202 615 ut
1218 578 1402 634 repre·

196 639 465 701 hensores
478 640 647 701 effent
662 644 1038 718 comitiorum,
1054 644 1110 704 id
1135 645 1403 705 haberent

190 726 445 806 judice83
473 728 562 789 vel
576 728 730 808 quod
753 726 932 789 multo
946 732 1111 789 etiam
1129 731 1312 791 minus
1327 728 1404 795 est

197 812 506 873 ferendum.
563 828 681 875 tum
704 817 851 875 enim
883 814 1250 894 magistratum
1277 836 1398 877 non

195 899 423 977 gerebat
436 900 508 974 is,
523 903 619 978 qui
634 916 872 981 ceperat,
902 899 942 961 fi
955 914 1136 981 patres
1153 907 1402 963 austeres

194 1004 322 1045 non
344 1000 507 1045 erant
541 985 707 1046 faeti:
747 1007 898 1045 nunc
919 986 1221 1067 postulatur
1243 1009 1274 1047 a
1296 1008 1400 1048 vo·

196 1072 311 1145 bis,
331 1086 393 1131 ut
414 1071 536 1148 ejus
566 1071 761 1147 exilio,
786 1075 886 1151 qui
903 1090 1118 1133 creatus
1139 1072 1228 1146 fit,
1243 1074 1400 1152 judi-

198 1159 349 1217 cium
362 1156 555 1238 populi
578 1160 817 1219 Romani
834 1159 1266 1238 reprehendatis.
1292 1162 1400 1219 ita·

198 1262 311 1323 que
333 1262 673 1323 quanquam,
696 1264 806 1323 qua
820 1245 1186 1321 nolui,janua
1200 1245 1294 1307 fim
1310 1249 1410 1308 in·

196 1327 403 1407 greffus
422 1331 485 1388 in
500 1328 736 1404 causam,
752 1328 958 1409 sperare
971 1331 1165 1391 videor
1182 1347 1403 1396 tantum

198 1414 513 1477 abfuturam
536 1414 637 1475 effe
658 1419 972 1477 orationem
995 1433 1169 1477 meam
1185 1438 1218 1477 a
1231 1419 1410 1487 mini-⁴

198 1498 609 1582 lna-suspicione
624 1500 946 1574 offenfionis
963 1518 1109 1580 tuae,
1139 1518 1192 1564 te
1209 1516 1270 1566 ut
1291 1524 1396 1584 po·

200 1589 313 1662 tius
336 1589 647 1667 objmgmn,
678 1590 833 1668 qubd
856 1592 1108 1670 iniquum
1125 1592 1185 1650 in
1209 1590 1402 1652 discri-

198 1694 330 1736 men
352 1673 590 1734 adducas
606 1673 927 1752 dignitatem
953 1691 1126 1753 tuam,
1145 1681 1312 1757 quim
1335 1692 1400 1738 ut

198 1779 305 1838 ego
320 1781 441 1820 eam
463 1761 573 1820 ulla
596 1761 933 1822 contumelia
955 1782 1125 1822 coner
1158 1766 1406 1842 attinge·-

138 1854 175 1899 4
192 1868 280 1910 te.
411 1853 509 1906 Tu
524 1848 954 1924 continentiam,
970 1864 1030 1908 tu
1051 1849 1408 1926 industrium,

194 1949 261 1994 tu
276 1935 519 1994 animum
534 1935 595 1992 in
614 1935 1092 2013 rempublicam‚tu
1111 1938 1406 2010 virtutem,

194 2035 261 2080 tu
274 2020 679 2093 innocentiam,
714 2035 772 2080 tu
789 2019 976 2094 fidem,
991 2035 1052 2080 tu
1067 2019 1282 2082 labores
1306 2038 1407 2082 tu·-

112 2135 119 2140 ·
192 2125 288 2180 os,
324 2105 478 2186 quod
500 2106 691 2166 aedilis
718 2127 841 2166 non
871 2105 939 2168 fis
962 2104 1159 2183 fastus,
1190 2107 1410 2180 fraite&

192 2190 319 2267 effe,
340 2207 396 2251 et
410 2191 677 2269 abjefltos,
690 2207 746 2250 et
762 2193 1080 2272 repudiatos
1097 2195 1288 2273 putas?
1307 2196 1408 2256 vi·-

192 2277 265 2340 de
300 2277 526 2338 tandem
538 2320 559 2352 ,
600 2277 932 2351 Laterenfis,
971 2296 1239 2358 quantum
1271 2301 1304 2338 a
1339 2296 1394 2340 te

190 2361 517 2424 disshmiam.
563 2361 624 2439 fi,
650 2363 862 2424 medius
878 2363 1066 2440 fidius,
1087 2363 1274 2426 decem
1291 2365 1409 2438 soli,

189 2447 359 2511 effent
373 2450 437 2508 in
452 2450 674 2510 civitate
688 2450 795 2509 viri
810 2452 968 2526 boni,
985 2449 1247 2530 sapientes
1251 2449 1394 2529 ,jus-

189 2536 263 2614 fi,
280 2554 501 2616 graves,
514 2537 615 2617 qui
636 2549 693 2598 te
707 2535 1002 2617 indignum
1017 2535 1406 2616 aedilitateju2
