1717 3075
417 210 491 269 52
725 194 1147 252 ORATIO
1212 196 1289 252 Π.

413 292 580 351 nobis
596 292 728 351 haec
749 294 1040 353 auetoritas
1064 293 1269 353 tamdiu
1288 308 1441 353 tanta
1465 292 1619 356 latu-

412 379 459 439 it
482 380 502 437 ?
527 399 624 437 cur
653 381 712 438 in
727 379 905 438 lustris
929 394 985 438 et
999 380 1424 440 helluationibus
1441 384 1615 459 hujus

413 464 754 525 calamistrati
777 465 1049 524 saltatoris
1072 482 1181 525 tarn
1206 468 1408 525 eximia
1428 470 1617 527 virtus

413 550 620 611 tamdiu
642 549 860 610 cessavit
880 553 901 611 ἒ
928 572 1057 610 nam
1079 552 1171 610 ille
1188 552 1322 611 alter
1346 550 1617 612 Caesoni-

391 658 520 697 .nus
553 637 875 697 Calventius
898 638 967 697 ab
982 636 1340 697 adolescentia
1359 636 1615 699 versatus

413 723 488 783 est
503 728 561 782 in
587 723 732 798 foro,
761 744 886 783 cum
910 744 1034 783 eum
1065 739 1279 802 praeter
1308 722 1615 785 fimulatam

413 809 795 889 versutamque
827 808 1118 885 tristitiam,
1150 808 1301 869 nulla
1331 830 1417 870 res
1450 830 1615 871 com-

411 898 733 957 mendaret:
767 916 886 956 non
914 898 1058 974 juris
1092 895 1346 972 studium,
1376 896 1614 957 non-di-

411 984 595 1060 cendi,
613 1002 732 1042 non
749 985 826 1041 rei
842 983 1116 1057 militaris„
1132 1002 1250 1041 non
1267 981 1613 1058 cognoscen-

411 1070 608 1131 domm
619 1072 937 1146 hominum,
955 1089 1072 1128 non
1088 1069 1402 1128 liberalitas.
1440 1088 1615 1146 quem

407 1158 741 1238 praeteriens
776 1177 904 1217 eum
950 1155 1214 1215 incultum
1229 1198 1247 1228 ,
1282 1154 1572 1213 horridum
1589 1198 1614 1229 ,

409 1242 780 1322 moestumque
797 1242 1035 1313 vidiffe83
1048 1244 1211 1300 etiam
1226 1239 1265 1299 fi
1278 1239 1536 1318 agrestem
1550 1256 1614 1299 et

408 1330 767 1388 inhumanum
783 1327 1132 1403 exiffimaree,
1146 1342 1326 1386 tamen
1344 1326 1614 1388 libidino-

410 1413 527 1473 sum
551 1431 606 1475 et
624 1416 894 1494 perditum
912 1434 1029 1474 non
1054 1429 1295 1494 putares.
1340 1431 1466 1472 cum
1496 1416 1613 1473 hoe

409 1502 660 1576 homine,
683 1524 752 1562 an
770 1522 894 1562 cum
912 1500 1087 1580 stipite
1103 1501 1371 1580 Aethiope
1387 1497 1426 1559 fi
1440 1501 1504 1559 in
1520 1499 1613 1560 fo·

410 1609 478 1649 ro
496 1587 975 1663 constitiffes,nihil
990 1586 1236 1646 crederes
1252 1585 1517 1646 interesse.
1542 1585 1615 1646 fi-

409 1697 484 1735 ne
507 1673 682 1750 sensu,
697 1674 806 1734 fine
821 1674 1029 1754 sapore,
1044 1672 1341 1750 elinguem,
1361 1672 1613 1749 tardum,

409 1763 770 1822 inhumanum
783 1760 1472 1839 negotium,Cappadocem
1488 1779 1615 1818 mo-

407 1849 488 1910 do
507 1852 788 1928 abreptum
805 1846 874 1907 de
895 1867 1054 1925 grege
1072 1846 1345 1906 venalium
1369 1844 1608 1906 dicere&

387 1937 556 1996 idem
579 1936 731 1995 domi
751 1955 914 2013 quam
933 1931 1287 1993 libidinosus?
1319 1950 1487 2011 quam
1504 1933 1613 1992 im-

401 2023 624 2104 purus?
664 2041 829 2100 quam
853 2023 1248 2100 intemperanS,
1278 2037 1397 2077 non
1430 2017 1613 2093 janua

409 2111 664 2189 receptis,
695 2107 783 2166 sed
813 2105 1144 2186 pseudotyro
1169 2103 1613 2164 intromissis-vo-

408 2195 869 2275 luptatibus?cum
888 2213 1022 2252 vero
1037 2193 1199 2251 etiarn
1216 2191 1387 2249 literis
1396 2187 1613 2250 studere

408 2283 628 2361 incipit,
655 2295 710 2338 et
726 2279 909 2338 helluo
931 2280 1183 2338 immanis
1207 2295 1333 2336 cum
1361 2281 1611 2336 Graecu-

409 2365 482 2426 lis
512 2364 903 2446 philosophari,
920 2381 1037 2424 tum
1052 2361 1127 2424 est
1144 2366 1467 2444 Epicureus,
1484 2382 1611 2424 non

411 2453 636 2531 penitus
661 2452 739 2511 illi
761 2451 1098 2532 disciplinae,
1128 2467 1485 2531 quaecunque
1508 2447 1611 2526 est,

379 2535 652 2626 ‘deditug
686 2538 776 2601 sed
798 2553 989 2622 captus
1008 2557 1125 2603 uno
1146 2539 1317 2603 verbo
1340 2534 1605 2618 volupta-
