1717 3075
2 2291 139 2384 v·

66 2397 90 2426 ’ς

424 152 1113 225 'RESPON318.
1296 158 1405 229 181

181 280 314 343 que
327 262 498 342 pura?
512 281 828 341 quanquam
846 262 1051 324 vestrae
1066 264 1288 339 domus,
1304 272 1411 327 Pa·

185 363 319 408 tres
349 346 673 428 conscripti,
699 365 1151 429 caeterorumque
1183 354 1412 428 civium,

187 435 390 497 multo
406 438 650 494 maxima
663 456 732 495 ex
749 452 903 516 parte
918 435 1043 496 sunt
1061 436 1261 497 liberae
1285 438 1413 498 reli·

193 524 412 599 gione3
448 536 634 581 tamen
659 542 772 581 una
801 542 921 583 mea
954 522 1153 583 domus
1184 524 1411 603 judiciis

193 609 470 669 omnibus
485 608 763 684 liberata,
749 630 808 668 m
823 612 927 669 hac
942 612 1075 669 urbe
1088 608 1121 669 s
1112 610 1203 670 ola
1218 609 1311 671 est.
1356 624 1413 671 te

191 697 356 755 enim
373 694 612 776 appello,
631 696 1321 779 Lentule,ette,Philippe.
1338 716 1415 761 ex
1516 746 1525 757 .

197 785 314 843 hoc
346 780 690 861 haruspicum
713 779 973 863 responso
988 783 1231 843 decrevit
1252 783 1411 845 sena·

199 882 324 941 me,
347 882 412 925 ut
433 866 502 927 de
528 867 672 927 locis
697 866 860 927 sacris
878 866 1137 946 religiosis
1161 870 1231 931 ad
1260 872 1413 930 hunc

199 955 462 1015 ordinem
479 954 771 1014 referretis.
819 952 1111 1034 potestisne
1127 956 1329 1017 referre
1342 954 1414 1017 de

201 1062 331 1102 mea
353 1040 560 1100 domo?
587 1062 728 1121 quae
751 1039 854 1111 (ut
874 1041 1035 1119 dixi)
1064 1040 1199 1119 sola,
1232 1046 1291 1104 in
1308 1047 1413 1107 hac

203 1130 367 1205 urbe,
397 1130 552 1187 omni
571 1129 856 1207 religione,
893 1129 1413 1208 omnibusjudiciis,

203 1215 442 1281 liberata
453 1213 547 1275 est.
593 1236 761 1294 quam
777 1216 1011 1295 primum
1029 1218 1285 1278 inimicus
1303 1216 1413 1298 ipse

207 1303 272 1363 in
305 1301 400 1360 illa
435 1301 748 1383 tempestate
777 1322 840 1362 ac
872 1306 1037 1363 noc'te
1065 1304 1413 1384 reipublicae,
1448 1326 1455 1333 ·

203 1388 336 1451 cum
351 1404 561 1451 caetera
575 1387 768 1448 scelera
783 1388 923 1467 stylo
938 1388 1035 1449 illo
1046 1392 1265 1471 impuro
1281 1396 1409 1451 Sex.

211 1474 444 1536 Clodius
481 1472 891 1556 conscripfisset,
928 1496 1003 1536 ne
1040 1496 1151 1537 una
1186 1476 1413 1556 quidem

211 1564 397 1641 attigit
419 1562 578 1622 litera
611 1563 915 1642 religionis.
962 1563 1161 1623 deinde
1184 1563 1412 1626 eandem

209 1650 438 1710 domum
447 1650 684 1730 populus
697 1655 981 1710 Romanus
987 1650 1166 1728 ,cujus
1182 1649 1255 1710 est
1272 1647 1417 1712 sum·

211 1755 304 1797 ma
305 1736 810 1838 potestasomnium
827 1737 1273 1811 rerum,comitiis
1290 1759 1415 1797 cen·

205 1824 449 1894 curiatis,
487 1825 736 1883 omnium
769 1838 1007 1882 aetatum
1038 1825 1411 1904 ordinumque

201 1907 507 1988 suffragiis,
533 1910 865 1988 eodemjure
879 1908 981 1969 effe
999 1909 1170 1988 juss'it,
1194 1931 1309 1989 quo
1325 1911 1412 1970 fu·

201 1993 348 2056 iffet.
397 1997 577 2082 postea
590 2015 720 2070 vos,
741 2003 929 2056 Patres
946 1995 1262 2078 conscripti,
1289 2017 1413 2058 non

201 2083 368 2163 ’quod
391 2083 556 2144 dubia
581 2103 666 2142 res
687 2080 837 2157 esset,
866 2079 954 2141 sed
982 2099 1047 2142 ut
1068 2086 1196 2142 huic
1217 2083 1411 2160 fiiriae,

213 2169 254 2230 fi
266 2168 505 2229 diutius
492 2189 552 2228 m
567 2172 668 2228 hac
684 2171 838 2243 urbe,
870 2188 1032 2248 quam
1055 2169 1231 2229 delere
1244 2189 1411 2252 cupe-

213 2269 319 2330 ret,
337 2269 605 2330 maneret,
631 2275 749 2316 vox
762 2255 1203 2332 interdiceretur,
1225 2255 1411 2318 decre-

205 2339 385 2416 -vistis,
399 2359 462 2401 ut
477 2342 546 2402 de
559 2361 801 2402 mearum
817 2341 1031 2401 aedium
1056 2343 1322 2420 religione
1336 2343 1410 2405 ad

209 2428 538 2510 pontificum
570 2429 860 2507 collegium
893 2427 1204 2488 referretur.
1268 2447 1411 2508 quae

163 2533 172 2563 ῑ
217 2529 368 2578 tanta
389 2515 586 2597 religio
607 2513 704 2597 est,
735 2535 846 2598 qua
868 2533 989 2580 non
1012 2517 1072 2578 in
1090 2513 1289 2580 nostris
1304 2515 1409 2580 du·
