1717 3075
376 176 497 255 316
662 170 1048 230 otum-10
1100 169 1280 227 PRO

374 271 609 333 moriam
632 266 946 327 consulatus
975 266 1106 339 mei,
1135 284 1262 325 cum
1291 264 1434 324 flens
1457 260 1572 323 uni-

374 355 567 417 versus
582 354 723 413 ordo
747 355 1125 414 cincinnatum
1145 349 1430 411 consulem
1455 371 1571 411 ora·

376 446 475 503 bat
490 465 511 501 ε
560 462 690 501 nam
726 440 866 501 alter
887 438 977 497 ille
999 437 1256 497 horridus
1279 454 1338 497 et
1359 436 1574 499 severus

373 526 633 590 consulto
654 526 709 587 se
732 526 884 587 domi
913 526 1258 585 continebat.
1306 545 1422 603 qua
1463 540 1574 585 tum

376 614 625 695 superbia
638 632 877 673 coenum
891 609 1028 671 illud
1043 632 1106 671 ae
1122 610 1266 669 labes
1277 610 1576 689 ampliffimi

372 702 593 775 ordinis
606 718 791 780 preces
803 714 859 759 et
868 696 1272 757 clarissimomm
1283 698 1494 757 civium
1507 699 1578 757 la·

372 807 593 866 crymas
604 785 1024 865 repudiavit3me
1036 780 1208 863 ipsum
1217 798 1280 841 ut
1291 800 1578 864 contemp-

376 873 445 941 fit
476 872 927 950 helluo-patriae?
955 890 1082 929 nam
1106 869 1243 948 quid
1271 890 1378 947 ego
1409 872 1576 951 patri·

374 963 555 1021 monii
566 959 765 1033 dicam,
790 956 940 1036 quod
967 956 1057 1015 ille
1073 976 1199 1015 cum
1215 954 1362 1035 quafi
1385 956 1578 1035 quaes·
1678 968 1679 1009 ὲ

376 1062 498 1107 tum
521 1046 741 1117 faceret,
766 1042 939 1103 amifit
960 1043 980 1101 ἓ
1005 1062 1130 1102 cum
1155 1040 1386 1101 venisset
1413 1044 1484 1103 ad
1507 1043 1582 1105 se·

374 1146 569 1193 natum
574 1151 707 1207 ‚vos
714 1175 733 1206 ,
748 1132 884 1209 inqu
891 1150 999 1203 am,
1015 1130 1226 1207 equites
1245 1134 1516 1207 Romani,
1531 1147 1584 1193 et

374 1240 572 1285 omnes
594 1219 751 1292 boni,
770 1215 912 1276 veste
927 1230 1162 1289 mutata,
1177 1236 1306 1289 vos,
1330 1217 1582 1295 inquam,

373 1326 479 1387 pro
504 1325 629 1365 meo
652 1306 829 1384 capite
852 1302 920 1361 ad
950 1302 1116 1381 pedes
1145 1301 1370 1361 lenonis
1403 1304 1580 1385 impu·
1678 1300 1679 1341 ἒ

375 1392 559 1451 rissimi
583 1388 904 1471 projecistis„
935 1410 1084 1463 cum,
1107 1386 1297 1461 vestris
1322 1392 1580 1467 precibus

378 1500 413 1538 a
436 1478 653 1540 latrone
679 1476 777 1536 illo
799 1474 1123 1556 repudiatiS,
1151 1476 1238 1533 vir
1267 1476 1584 1538 incredibili

375 1565 505 1640 fide,
526 1563 906 1641 magnitudine
929 1565 1124 1636 animi,
1148 1559 1486 1638 constantia,
1512 1571 1582 1624 L.

374 1654 621 1713 Ninnius
656 1651 723 1710 ad
744 1648 990 1710 senatum
1023 1648 1088 1708 de
1117 1648 1400 1728 republica
1431 1667 1582 1710 retu·

370 1738 462 1811 lit;
486 1735 805 1816 senatusque
822 1735 1084 1815 frequens
1106 1733 1302 1794 vestem
1329 1757 1438 1815 pro
1461 1758 1584 1798 mea
1678 1725 1679 1766 ²

372 1823 540 1884 salute
564 1823 882 1885 mutandam
899 1820 1126 1882 censuit.
1265 1829 1314 1880 O
1340 1821 1492 1884 diem
1515 1825 1579 1884 il-
1603 1823 1636 1856 '²

372 1910 511 1986 lum,
536 1911 785 1988 JudiceS,
826 1907 1096 1968 funestum
1127 1906 1360 1982 senatui,
1395 1909 1582 1970 bonis·

374 2016 483 2076 que
520 1999 821 2057 omnibus!
869 1994 1196 2075 reipublicae
1224 1994 1578 2057 luciuosum!

372 2085 507 2144 mihi
526 2083 594 2142 ad
608 2080 966 2143 domesticum
991 2101 1296 2140 moerorem
1312 2089 1576 2158 gravem!

371 2169 444 2230 ad
484 2168 813 2248 posteritatis
852 2169 1170 2228 memoriam
1223 2167 1535 2244 gloriosum
1563 2174 1578 2228 Ξ

376 2256 513 2334 quid
535 2257 683 2314 enim
706 2252 992 2334 quisquam
1007 2252 1180 2334 potest
1193 2273 1268 2312 ex
1281 2257 1448 2317 omni
1469 2277 1584 2318 tne-

370 2343 549 2402 moria
576 2341 782 2402 sumere
804 2341 1082 2416 illustrius,
1121 2342 1286 2420 quam
1315 2360 1430 2419 pro
1468 2363 1584 2402 uno

274 2494 278 2497 ,
354 2426 495 2488 ‘cive
516 2443 573 2486 et
593 2432 774 2488 bonos
812 2447 1008 2488 omnes
1041 2428 1260 2507 privato
1282 2426 1586 2501 consensu,

370 2526 431 2575 et
442 2513 769 2578 universum
798 2513 1044 2586 senatum
1079 2513 1306 2596 publico
1343 2514 1588 2578 confilio
