1717 3075
360 190 463 249 132
640 170 1021 227 ORATIO
1069 172 1254 227 PRO

350 262 637 345 populum,
664 263 766 325 nili
780 266 1024 325 tabernis
1047 264 1261 340 claufis,
1289 262 1552 345 frequen-

352 367 470 411 tare
485 370 603 410 non
622 366 864 431 poteram
887 352 976 411 cui
993 350 1200 430 populo
1213 350 1386 411 duces
1399 360 1552 413 Len·

352 436 547 511 tidios,
559 436 795 511 Lollioq,
807 436 1140 514 Plaguleios,
1157 438 1375 514 Sergios
1388 440 1550 517 prae'·

354 522 583 582 feceras·
630 524 672 581 ὁ
693 520 948 602 speciem,
977 522 1414 601 dignitatemque
1445 544 1550 601 po-

352 608 468 689 puli
493 610 755 683 Romani,
784 628 948 687 quam
967 626 1142 685 reges,
1171 628 1338 686 quam
1363 610 1548 668 natio·

352 714 453 755 nes
468 708 710 768 exterae,
739 713 906 772 quam
920 709 1112 770 gentes
1129 694 1356 753 ultimae
1376 696 1548 773 perti-

344 776 617 854 mescunt,
626 778 1034 839 muititudinem
1049 781 1336 839 hominum
1353 798 1424 839 ex
1438 777 1546 839 ser-

352 867 441 926 vis
462 864 773 940 conductis,
786 884 859 923 cx
872 862 1218 939 facinorofis,
1241 883 1314 925 cx
1336 866 1546 943 egenti·

352 953 457 1013 bus
494 954 916 1029 congregatam!
953 950 1048 1009 ina
1067 948 1172 1009 fuit
1193 950 1550 1031 pulchritudo

352 1037 547 1119 populi
563 1038 800 1099 Romani
806 1034 921 1111 ,illa
935 1035 1306 1116 forma,quam
1319 1038 1382 1097 in
1397 1058 1546 1097 cam-

158 1112 165 1117 ’
268 1192 275 1198 .
345 1142 431 1203 po
460 1121 637 1183 vidisti
674 1138 789 1181 tum
807 1164 827 1194 ,
865 1142 994 1183 cum
1014 1123 1180 1183 ctiam
1209 1124 1310 1182 tibi
1349 1137 1548 1183 contra

355 1206 599 1282 senatus,
626 1206 908 1287 totiusque
936 1208 1125 1267 Italiae
1145 1211 1550 1283 auctoritatem,

340 1308 411 1353 -et
422 1293 675 1369 studium,
698 1293 916 1354 dicendi
933 1292 1165 1375 potestas
1181 1292 1306 1353 fuit.
1353 1295 1468 1369 ille,
1485 1295 1552 1355 il·

356 1379 407 1440 le
428 1381 663 1461 populus
678 1378 751 1439 est
766 1379 1026 1441 dominus
1042 1401 1252 1458 regum,
1271 1383 1455 1455 victor
1467 1395 1550 1440 at·

354 1486 465 1548 que
488 1467 789 1544 imperator
814 1469 1066 1527 omnium
1089 1468 1360 1546 gentium,
1383 1486 1550 1546 quem

352 1551 458 1613 ino
468 1552 757 1612 clarissimo
768 1553 880 1627 die,
899 1552 1176 1628 scelerate,
1199 1553 1378 1614 vidisti
1407 1570 1552 1630 tum,

353 1637 479 1700 cum
516 1657 707 1697 omnes
739 1640 1014 1717 principes
1051 1642 1312 1713 civitatis,
1355 1659 1550 1700 omnes

348 1724 612 1786 ordinum
616 1739 803 1802 ,atque
818 1742 1054 1784 aetatum
1070 1727 1347 1801 omnium,
1360 1724 1552 1786 suffra·

351 1812 505 1894 gium
521 1807 575 1868 se
597 1831 716 1870 non
730 1810 799 1870 de
812 1812 978 1884 civis,
1003 1809 1090 1870 sed
1113 1811 1181 1872 de
1203 1813 1445 1872 civitatis
1469 1811 1550 1872 sa-

352 1897 471 1960 lute
482 1897 625 1961 ferre
638 1894 960 1956 censebant*
973 1917 1100 1958 cum
1113 1897 1354 1976 denique
1367 1899 1551 1958 homi-

354 2007 453 2046 nes
478 1987 535 2044 in
553 2003 806 2062 campum
822 2001 942 2040 non
963 1985 1230 2057 tabernis,
1254 1981 1346 2042 sed
1365 1985 1548 2044 muni·

352 2073 511 2152 cipiis
526 2068 711 2128 clausis
738 2084 1034 2130 venerunt.
1168 2075 1296 2128 Hoc
1319 2089 1546 2148 ego-po·
1570 2075 1623 2121 ³4

353 2157 511 2238 pulo,
541 2155 577 2216 fi
599 2172 717 2216 tum
738 2152 994 2214 consules
1023 2170 1122 2217 aut
1143 2153 1362 2214 fuiflent
1383 2158 1445 2214 in
1463 2175 1547 2216 re·

353 2242 591 2324 publica,
608 2258 701 2302 aut
724 2243 962 2302 omnino
979 2263 1100 2302 non
1115 2238 1364 2302 fuiffent.
1350 2262 1365 2278 ·
1389 2240 1548 2301 nullo

350 2329 559 2402 labore,
576 2341 678 2386 tuo
700 2330 982 2408 praecipiti
997 2328 1170 2387 furori
1193 2342 1360 2405 atque
1373 2329 1550 2405 impio

351 2412 531 2474 sceleri
556 2411 870 2472 restitiffiem.
919 2412 1008 2472 sed
1038 2414 1310 2490 publicam
1335 2411 1550 2483 causam

351 2513 551 2566 contra
573 2499 687 2560 vim
702 2487 990 2576 a'rmatam,
1012 2497 1124 2560 fine
1138 2497 1333 2581 populi
1347 2494 1546 2579 praefi·
