1717 3075
331 192 400 244 rp
603 177 1217 237 ORAT10.PRO

326 270 528 331 dorum
561 269 946 345 celebrandos,
992 286 1263 351 quantum
1292 268 1362 331 ad
1392 270 1537 331 alias

326 356 665 435 voluptates,
683 372 740 415 et
757 355 826 415 ad
841 354 1011 435 ipsam
1028 359 1271 435 requiem
1286 359 1455 417 animi
1476 364 1539 416 et

327 444 582 523 corporis
601 441 925 503 conceditur
947 444 1235 522 temporis:
1262 456 1539 521 quantum

329 529 423 589 alii
437 530 690 588 tribuunt
705 526 1035 607 tempestivis
1052 531 1538 608 conviviisequan·

329 630 450 675 tum
473 614 710 695 denique
733 613 902 688 aleae,
926 630 1195 693 quantum
1213 614 1377 695 pilae;
1405 631 1535 674 tan-

329 717 450 761 tum
465 702 600 759 mihi
616 715 838 778 egomet
851 700 921 759 ad
937 703 1069 761 haec
1082 701 1253 761 studia
1276 700 1535 761 recolen-

331 786 402 849 da
422 784 695 867 sumpsero
721 787 740 845 ἓ
769 802 936 866 atque
958 789 1067 849 hoc
1084 786 1221 847 adeo
1236 788 1369 847 mihi
1392 794 1535 847 con-3

333 872 640 933 cedendum
672 871 746 931 est
781 872 981 951 magiS,
1017 871 1169 953 quod
1198 893 1271 933 ex
1300 876 1385 933 his
1422 872 1537 933 stu·

332 956 440 1019 diis
461 962 594 1019 haec
626 979 852 1040 quoque
881 956 1131 1021 censetur
1159 962 1343 1019 oratio
1371 974 1429 1019 et
1450 959 1537 1020 fa-

332 1044 512 1110 cultas
533 1067 552 1105 2
597 1065 738 1125 quae
767 1059 1197 1124 quantacunque
1224 1044 1314 1126 est⁸
1331 1047 1391 1104 in
1420 1066 1539 1123 me,

334 1152 625 1211 nunquam
675 1134 977 1191 amicorum
1024 1132 1282 1209 periculis
1326 1130 1501 1191 defuit
1514 1175 1537 1192 .

149 1262 162 1273 ,
231 1233 234 1237 ’
334 1239 482 1300 quae
513 1216 554 1277 fi
582 1219 670 1278 cui
699 1217 875 1278 levior
896 1217 1113 1277 videtur
1130 1242 1147 1277 ε
1194 1217 1285 1277 illa
1311 1217 1539 1297 quidem

336 1320 508 1377 certe,
545 1324 688 1385 quae
719 1302 925 1363 summa
952 1301 1101 1379 sunt,
1136 1324 1207 1364 ex
1232 1323 1347 1383 quo
1376 1303 1542 1364 fonte

334 1392 606 1465 hauriam,
642 1388 842 1450 sentio.
904 1410 1056 1463 nam,
1101 1389 1201 1449 nifi
1230 1389 1541 1451 multorum

335 1474 663 1558 praeceptiS‚
691 1474 979 1555 multisque
1009 1473 1183 1537 literis
1210 1477 1345 1536 mihi
1376 1479 1447 1537 ab
1478 1497 1539 1536 a·

337 1561 672 1626 dolescentia
699 1560 985 1637 suafiss'em,
1030 1565 1182 1623 nihil.
1195 1560 1299 1622 ess'e
1328 1565 1390 1624 in
1421 1565 1541 1630 vita

337 1669 670 1728 magnopere
709 1649 1115 1730 expetendum,
1152 1647 1254 1708 nifi
1293 1649 1539 1726 laudem,

335 1752 506 1816 atque
541 1733 917 1796 honestatem:
954 1737 1015 1794 in
1056 1757 1122 1796 ea
1156 1751 1335 1796 autem
1358 1735 1539 1817 perse-

336 1821 558 1903 quenda
579 1843 774 1884 omnes
803 1823 1079 1882 cruciatus
1101 1825 1377 1902 corporis,
1414 1843 1541 1884 om-

335 1910 433 1970 nia
447 1909 686 1989 pericula
697 1911 897 1970 mortis
912 1925 1079 1990 atque
1092 1910 1245 1970 exilii
1272 1911 1431 1990 parvi
1456 1905 1546 1968 es-

334 1991 390 2056 se
403 1993 678 2056 ducenda:
705 2017 996 2077 nunquam
1009 2017 1097 2057 me
1110 2017 1215 2077 pro
1230 1995 1398 2057 salute
1412 1993 1537 2056 ves-

335 2095 426 2141 tra
439 2083 500 2141 in
526 2098 612 2143 tot
637 2103 701 2142 ac
717 2097 900 2144 tantas
932 2084 1339 2157 dimicationes,
1370 2097 1539 2160 atque

319 2167 400 2229 jn
428 2169 533 2228 hos
551 2170 967 2249 profligatorum
982 2171 1272 2231 hominum
1288 2167 1540 2251 quotidi-

333 2273 480 2315 anos
496 2255 734 2335 impetus
749 2255 1077 2334 objecissem.
1125 2255 1217 2316 sed
1240 2256 1389 2336 pleni
1410 2275 1541 2316 om·

333 2360 440 2402 nes
454 2337 582 2401 sunt
610 2341 754 2415 libri,
777 2343 971 2421 plenae
991 2341 1317 2421 sapientium
1338 2361 1533 2418 voces,

336 2426 500 2508 plena
513 2428 891 2508 exemplorum
909 2429 1147 2492 vetustas
1168 2451 1185 2488 ε
1218 2449 1359 2511 quae
1382 2429 1537 2506 jace·

333 2529 462 2578 rent
475 2515 538 2584 in
551 2517 792 2580 tenebris
809 2517 1021 2600 omnia,
1033 2514 1135 2582 nifi
1148 2515 1429 2583 literatum
1442 2513 1535 2580 lu-
