1717 3075
373 246 410 300 a
474 270 484 276 .
708 222 758 279 Ο
773 220 824 278 R
839 220 963 277 'AT
977 222 1069 279 120
1109 220 1152 278 P
1164 222 1214 278 R
1226 222 1280 277 0

371 314 647 379 scribendi
660 314 894 376 studium
908 314 1173 375 contulit:
1196 316 1435 397 primurn
1452 318 1574 373 An-

369 406 611 465 tiochiae
633 402 885 486 §namibi
908 417 1073 461 natus
1096 400 1191 476 est,
1214 401 1343 460 loeo
1373 400 1577 475 nobili,

373 491 571 551 celebri
604 488 887 567 quondam
910 492 1046 548 urbe
1065 503 1122 547 et
1144 486 1387 567 copiosa,
1410 502 1579 566 atque

370 575 734 637 eruditissimis
749 576 1090 649 hominibus,
1102 570 1579 651 liberalissimisque

373 662 560 723 studiis
570 661 838 735 affluenti)
852 660 1101 719 celeriter
1114 657 1435 719 antecellere
1448 660 1573 717 omss

295 822 303 827 Α
376 750 538 808 nibus
553 746 763 824 ingenii
778 745 958 823 gloria
974 748 1229 823 contigit.
1250 742 1367 825 post
1382 747 1439 803 in
1451 764 1577 805 cae-

379 836 509 893 teris
541 832 996 912 Afiae'partibusz,
1032 836 1367 911 cun-‘ltneque
1400 838 1579 890 Grae·

377 922 517 995 ciae,
541 919 613 979 fic
644 921 694 997 ej
705 915 768 977 u's
789 918 1063 978 adventus
1086 917 1481 991 celebrabatur,
1503 931 1580 976 ut

373 1006 576 1067 famam
604 1005 816 1083 ingenii
844 1005 1153 1085 expe-Statio
1180 1003 1448 1077 hominis,
1472 1022 1581 1063 ex·

319 1110 330 1115 ·
374 1093 739 1176 peetationem
763 1089 926 1170 ipfius
956 1090 1229 1149 adventus
1258 1087 1581 1149 admiratio·

371 1200 490 1259 que
525 1176 819 1259 superaret.
889 1192 1009 1235 erat
1052 1176 1209 1235 Italia
1245 1192 1381 1235 tunc
1410 1174 1581 1256 plena

361 1266 712 1326 Graecarum
729 1263 932 1323 artium
946 1282 1011 1322 ac
1024 1260 1452 1343 disciplinarum:
1467 1260 1581 1322 stu-

373 1350 720 1431 diaque'haec
735 1364 792 1409 et
807 1350 867 1407 in
881 1350 1047 1407 Latio
1054 1350 1435 1409 vehementius
1458 1363 1582 1411 tum

375 1439 720 1512 colebantur,
748 1456 923 1517 quam
946 1455 1098 1494 nunc
1120 1434 1307 1495 iisdem
1331 1438 1390 1495 in
1412 1436 1581 1515 oppi-

374 1523 490 1586 dis:
513 1539 570 1583 et
601 1526 692 1584 hie
709 1529 939 1596 Romae,
964 1537 1191 1604 propter
1207 1520 1579 1602 tranquillita-

378 1625 494 1671 tem
516 1610 842 1690 reipublicae
862 1631 981 1668 non
998 1609 1433 1688 negligebantur.
1472 1609 1583 1668 ita·

379 1717 492 1778 que
515 1699 663 1756 hun'c
692 1711 751 1755 et
783 1697 1108 1769 Tarentini,
1142 1711 1202 1756 et
1232 1695 1492 1774 Rhegini,
1522 1709 1585 1754 et

382 1782 763 1862 Neapolitani,
787 1784 1032 1858 civitate,
1062 1780 1395 1861 caeterisque
1420 1801 1583 1861 prae-

379 1871 506 1932 miis
522 1869 838 1930 donarunt:
864 1885 919 1927 et
932 1889 1151 1942 ornnes,
1175 1871 1271 1948 qui
1286 1865 1489 1946 aliquid
1516 1866 1587 1927 de‘

377 1957 625 2035 ingeniis
665 1969 923 2036 poterant
953 1954 1237 2033 judicare,
1258 1955 1587 2031 cognitione

375 2057 548 2122 atque
563 2039 801 2121 hospitio
817 2040 1047 2118 dignum
1063 2037 1459 2099 existimarunt.
1478 2043 1587 2101 hac

375 2142 541 2188 tanta
557 2126 869 2187 celebritate
881 2127 1053 2186 famae
1069 2147 1193 2187 eum
1208 2125 1337 2185 esset
1350 2127 1469 2203 jam
1484 2127 1585 2186 ab·

381 2213 626 2276 sentibus
662 2229 832 2272 notus
847 2257 869 2288 ,
901 2214 1137 2272 Romam
1172 2214 1364 2285 venit,
1399 2212 1587 2271 Mario

375 2299 632 2375 consule,
660 2315 717 2358 et
741 2299 965 2358 Catulo.
1020 2301 1212 2357 nactus
1244 2297 1319 2357 est
1348 2299 1587 2377 primum

383 2385 640 2448 consules
670 2403 791 2462 eos,
823 2405 1063 2465 quorum
1086 2383 1226 2444 alter
1253 2403 1341 2444 res
1370 2382 1439 2443 ad
1454 2380 1585 2443 scri·

389 2472 633 2535 bendum
664 2474 958 2547 maximas,
988 2471 1125 2530 alter
1140 2491 1265 2531 eum
1281 2489 1366 2530 res
1390 2467 1587 2547 gestae,

372 2574 508 2623 :turn
524 2561 690 2620 etiam
703 2556 937 2620 studium
952 2572 1120 2638 atque
1147 2577 1307 2620 aures
1328 2555 1589 2618 adhibere
