1717 3075
322 123 443 181 226
620 126 978 185 ORATIO
1024 128 1186 185 PRO

320 232 381 277 ta
397 215 483 294 fit,
506 219 554 277 ei
578 240 684 280 vos
708 219 938 280 vestram
961 216 1419 294 misericordiam,
1451 238 1554 281 rue

323 303 679 386 deprecante,
712 307 990 367 tribuatis.
1038 304 1294 385 equidem
1319 306 1394 365 ad
1411 306 1554 365 reli-

324 410 472 470 quos
496 392 709 451 labores
714 436 735 467 ‚
756 412 903 473 quos
919 395 979 451 in
1005 396 1107 451 hac
1121 390 1274 453 causa
1290 392 1550 468 majores

325 474 583 557 suscipio,
614 498 777 557 quarn
811 482 870 539 in
903 481 1155 553 caeteris,
1193 480 1358 539 etiam
1393 483 1552 539 hanc

326 563 626 626 molestiam
652 563 880 641 assumo,
897 566 1052 645 quod
1065 566 1200 625 mihi
1217 585 1338 625 non
1355 563 1548 624 solum

327 670 434 731 pro
454 656 565 710 Cn.
584 642 813 711 Plancio
836 651 1130 713 dicendum
1147 650 1241 727 est,
1253 651 1415 729 qu‘us
1433 671 1548 728 ego

328 730 558 797 salutem
582 759 703 796 non
726 735 876 797 secus
901 758 964 799 ac
986 758 1160 798 meam
1177 740 1318 797 tueri
1333 738 1546 798 debeo=

331 820 427 883 sed
444 826 607 883 etiam
627 845 733 905 pro
748 822 996 905 meipso,
1019 825 1088 885 de
1121 843 1236 904 quo
1253 822 1548 885 accusato·

330 929 420 971 res
438 910 595 991 plura
618 914 785 991 pene,
809 931 978 990 quam
993 912 1060 971 de
1085 932 1163 987 re,
1189 931 1396 991 reoque
1409 911 1546 969 dix·

332 1013 522 1057 erunt.
616 1006 973 1077 Quanquam,
994 997 1239 1075 Judices,
1257 995 1295 1055 fi
1311 996 1454 1076 quid
1469 994 1548 1055 est
1569 1008 1590 1041 ²

332 1084 397 1142 in
415 1104 503 1143 me
526 1083 649 1163 ipso
667 1086 747 1143 ita
764 1082 1174 1164 reprehensum,
1191 1098 1261 1143 ut
1274 1083 1333 1143 id
1350 1086 1422 1143 ab
1437 1087 1548 1145 hoc

334 1166 641 1247 sejunstum
654 1168 859 1247 fit,non
876 1190 962 1230 me
976 1170 1034 1231 id
1049 1189 1388 1252 magnopere
1401 1191 1546 1230 con·

336 1257 545 1317 turbet.
594 1278 714 1319 non
744 1258 896 1317 enim
919 1259 1111 1334 timeo,
1135 1263 1230 1332 ne,
1253 1258 1386 1334 quia
1415 1277 1549 1335 per·

336 1363 468 1411 raro
481 1346 623 1423 grati
646 1346 899 1403 homines
923 1346 1286 1424 reperiantur,
1307 1343 1544 1419 idcirce,

340 1450 467 1491 cum
490 1436 579 1491 ine
602 1432 833 1491 nimium
854 1443 1075 1509 gratum
1099 1430 1180 1489 illi
1203 1427 1307 1489 effe
1329 1428 1546 1507 dicant,

339 1515 397 1576 id
412 1519 549 1576 mihi
564 1515 920 1578 criminosum
937 1513 1040 1577 effe
1056 1517 1230 1598 poffit.
1282 1538 1424 1596 quae
1447 1537 1546 1576 ve-

338 1623 407 1662 ro
424 1606 499 1662 ita
516 1603 642 1664 sunt
664 1607 867 1682 agitata
889 1606 958 1664 ab
979 1603 1114 1679 illis,
1135 1620 1200 1663 ut
1228 1618 1322 1662 aut
1349 1606 1545 1664 merita

344 1695 457 1748 Cn.
466 1689 675 1750 Plancii
689 1705 815 1767 erga
828 1712 914 1750 me
930 1692 1148 1751 minora
1161 1689 1266 1754 effe
1280 1691 1546 1764 dicerent,

340 1797 510 1857 quam
536 1798 567 1838 a
590 1777 815 1858 meipso
842 1778 1322 1858 praedicarentur:
1363 1791 1482 1853 aut,
1506 1773 1546 1836 fi

342 1863 514 1924 effent
525 1861 558 1922 s
550 1879 1022 1943 umma,negarent
1037 1885 1100 1922 ea
1115 1879 1296 1926 tamen
1313 1866 1390 1925 ita
1399 1883 1548 1941 mag-

342 1951 429 2024 ni,
452 1965 515 2008 ut
536 1972 643 2029 ego
658 1967 933 2031 putarem,
963 1950 1228 2030 ponderis
1261 1949 1406 2032 apud
1439 1969 1542 2012 vos

342 2035 447 2098 effe
460 2036 673 2096 deberet
693 2040 827 2097 haec
844 2039 980 2098 mihi
995 2035 1123 2096 sunt
1137 2035 1542 2113 tradiandaflu·

342 2123 513 2198 diceS,
530 2138 585 2182 et
600 2123 839 2198 modice,
860 2139 938 2182 ne
954 2123 1090 2204 quid
1105 2123 1218 2204 ipse
1233 2121 1534 2194 offendam

342 2226 399 2269 et
415 2225 530 2268 tum
550 2209 811 2288 denique,
840 2231 966 2270 cum
999 2208 1334 2290 respondero
1357 2209 1538 2268 crimi-

346 2298 533 2369 nibus,
558 2316 626 2354 ne
652 2317 769 2355 non
796 2294 910 2358 tani
933 2296 1260 2357 innocentii
1279 2315 1402 2354 reus
1425 2293 1538 2368 sui,

345 2401 513 2458 quam
528 2381 916 2442 recordatione
931 2403 1175 2442 meorum
1208 2397 1538 2458 temporum,

342 2463 593 2526 defensus
610 2464 711 2526 effe
726 2467 1001 2529 videatur.
1051 2465 1140 2530 sed
1155 2469 1290 2530 mihi
1311 2469 1372 2530 in
1389 2464 1538 2528 causa
