1717 3075
339 124 474 207 '⁵24‘

840 352 1032 411 PRo

335 518 1550 696 CNPLANCIQ

611 844 988 907 ORATIO
1030 850 1251 907 XXXI.

501 1097 554 1153 U
571 1097 636 1154 M
664 1100 893 1176 propter
918 1096 1191 1175 egregiam
1212 1109 1268 1154 et
1298 1093 1546 1175 singula·

535 1200 650 1245 ,rem
673 1186 783 1241 Cn'.
801 1181 1041 1257 Plancii,
1065 1182 1313 1259 judiees,
1340 1184 1402 1241 in
1418 1202 1545 1242 men

333 1262 508 1325 stlute
521 1265 872 1328 custodienda
892 1267 1079 1343 fidem,
1106 1282 1220 1327 tam
1242 1268 1461 1327 multos
1484 1283 1545 1328 et

335 1352 521 1413 bonos
539 1354 691 1414 viros
701 1353 818 1432 ejus
832 1357 1039 1414 honori
1054 1353 1295 1414 viderem
1310 1352 1421 1414 effe
1429 1354 1543 1414 fiu-

333 1452 510 1515 tores,
542 1439 816 1521 capiebam
839 1442 1030 1500 animo
1054 1460 1172 1500 non
1196 1439 1539 1501 mediocrem

332 1525 705 1608 voluptatem,
735 1526 917 1607 quod,
946 1528 1105 1607 cujus
1127 1527 1372 1589 officium
1394 1528 1535 1588 mihi

329 1609 492 1674 saluti
509 1612 710 1688 suissi-t,
729 1617 780 1674 ei
799 1635 1053 1676 meorum
1074 1631 1386 1696 temporum
1414 1635 1533 1676 me·

331 1703 568 1762 moriam
590 1697 872 1780 suffragari
894 1701 1166 1763 videbam.
1202 1721 1327 1762 cum
1346 1717 1529 1762 autem

330 1786 600 1863 audirem,
622 1809 777 1848 meos
806 1790 1008 1870 partim
1023 1789 1303 1863 inimicos„
1328 1789 1529 1869 partim

330 1873 586 1951 invidos,
623 1877 752 1936 huic
772 1873 1107 1936 accusationi
1127 1873 1231 1934 effe
1262 1875 1527 1952 fautores,

205 1984 208 1987 ·
329 1957 672 2046 eandemque
701 1981 812 2022 rem
843 1959 1205 2022 adversariam
1225 1958 1331 2021 effe
1358 1964 1416 2020 in
1435 1962 1525 2040 ju·

327 2045 480 2108 dicio
497 2053 607 2106 Cn.
625 2045 878 2125 Plancio,
908 2067 1049 2128 quae
1070 2051 1131 2108 in
1154 2048 1425 2128 petitione
1438 2045 1523 2106 fu-

327 2129 450 2192 iffet
465 2131 731 2211 adjutrix3
747 2134 1023 2210 dolebam,
1040 2134 1288 2211 Judices,
1304 2149 1361 2193 et
1376 2153 1519 2194 acer-

325 2220 400 2280 be
416 2219 680 2293 ferebam,
704 2219 743 2280 fi
771 2222 935 2301 hujus
960 2219 1099 2280 salus
1121 2222 1197 2281 ob
1226 2239 1344 2280 eam
1360 2219 1517 2300 ipsam

325 2301 544 2366 causam
559 2303 688 2366 effet
703 2306 974 2384 infestior,
996 2307 1150 2387 quod
1172 2307 1221 2366 is
1238 2327 1413 2366 meam
1434 2305 1511 2366 sa-

324 2389 498 2449 lutem
543 2407 708 2470 atque
753 2396 928 2453 vitam
974 2391 1067 2452 sua
1109 2392 1504 2468 benevolentia,

321 2473 610 2554 praefidIo,
623 2476 976 2561 custodiaque
990 2477 1224 2540 texisset.
1254 2499 1405 2542 nune
1419 2497 1501 2540 au·
