1717 3075
434 155 737 215 DoMo
806 156 1018 215 suA.
1209 126 1363 231 πόρ’

121 270 293 334 quam
322 251 461 311 urbe
488 264 674 331 capu,
707 252 853 311 hanc
882 271 1048 311 unam
1081 248 1338 330 domum,

125 336 279 419 quasi
292 337 543 399 acerrimi
560 338 1020 417 propugnatoris,
1034 336 1130 397 fibi
1143 338 1336 399 delen-

124 426 255 485 dam
280 424 499 501 putavit
516 444 535 483 ε
567 437 752 483 tamen
784 422 966 483 illidii
988 438 1238 504 penates,
1268 448 1338 488 ac

124 510 425 572 familiares
440 510 573 585 mei,
594 530 693 589 per
714 528 819 569 vos
834 511 895 571 in
911 530 1086 571 meam
1101 510 1336 577 domum

65 630 116 675 57
129 616 351 659 mecum
372 610 535 657 erunt
558 593 807 657 restituti.
945 599 1224 672 Quocirca
1253 614 1336 677 te,
1357 620 1366 631 ‘

132 682 475 767 Capitoline,
495 702 661 761 quem
683 698 909 763 propter
930 684 1196 745 beneficia
1225 706 1334 767 po-

128 772 291 853 pulus
318 777 601 831 Romanus
624 771 934 849 Optimum,
957 766 1352 852 propter-*vim*

130 857 445 919 Maximum
458 856 797 931 nominavit,
820 871 1004 935 teque,
1021 865 1174 935 Juno
1189 862 1334 939 regi-

130 964 233 1020 na,
260 958 319 1005 et
348 957 425 1019 te,
446 940 627 1003 custos
661 943 834 1017 urbis,
872 945 1150 1020 Minerva,
1191 966 1334 1025 quae

130 1028 343 1110 semper
379 1029 627 1107 adjutrix
660 1026 1014 1089 confiliorum
1053 1052 1330 1109 meorum,

28 1132 40 1141 “
130 1116 281 1179 testis
300 1116 553 1178 laborum
576 1112 825 1191 extitisti,
855 1136 1052 1195 precor
1075 1139 1138 1179 ac
1161 1140 1334 1198 quae·

128 1200 214 1264 so:
236 1200 575 1282 vofiluefflui
590 1203 829 1263 maxime
842 1222 932 1263 me
948 1202 1236 1284 repetistis,
1246 1221 1334 1265 at·

130 1308 243 1371 que
264 1287 581 1365 revocastis,
604 1306 847 1367 quorum
869 1288 938 1349 de
960 1288 1174 1372 sedibus
1198 1295 1338 1353 haec

127 1376 267 1437 mihi
288 1373 567 1458 propofita
591 1372 669 1435 est
696 1378 1012 1452 contentio,
1050 1380 1213 1457 patrii
1235 1398 1338 1459 pe-

128 1478 290 1523 nates
296 1459 743 1542 ,familiaresque,
762 1464 857 1543 qui
873 1464 1000 1523 huic
1017 1465 1142 1523 urbi
1156 1479 1210 1524 et
1226 1467 1336 1525 rei·

126 1549 379 1631 publicae
400 1547 735 1630 praesidetis,
760 1569 862 1609 vos
885 1550 1151 1626 obtestor,
1189 1572 1337 1632 quo-

126 1657 255 1698 rum
275 1655 381 1715 ego
396 1657 431 1696 a
450 1635 670 1717 templis
694 1656 755 1696 ac
771 1635 1012 1698 delubris
1027 1636 1338 1719 pestiferam

127 1721 281 1784 illam
304 1739 361 1782 et
396 1721 660 1784 nefariam
698 1722 968 1784 flammam
999 1724 1218 1806 depuli:
1251 1741 1336 1786 te·

129 1829 265 1889 que,
280 1807 447 1870 Vesta
460 1826 655 1885 mater,
670 1810 824 1889 cujus
837 1809 1020 1871 castiffi
1027 1832 1144 1872 mas
1161 1809 1337 1874 sacer-

131 1897 296 1958 dotes
334 1898 404 1956 ab
428 1897 719 1956 hominum
740 1898 1002 1974 amentia,
1039 1898 1248 1976 furore,
1276 1915 1346 1960 et.

130 1981 333 2044 scelere
368 1981 611 2058 defendi,
656 1983 919 2063 cujusque
956 1986 1140 2064 ignem
1179 1985 1338 2050 illum

131 2068 525 2150 sempiternum
549 2089 670 2130 non
688 2066 801 2129 sum
817 2069 994 2152 passus
1011 2090 1102 2132 aut
1117 2071 1338 2150 sangui-

132 2177 205 2217 ne
229 2157 435 2216 civium
460 2153 739 2234 restingui,
763 2172 858 2216 aut
882 2177 1008 2218 cum
1032 2160 1205 2218 totius
1242 2181 1338 2220 ur-

132 2243 219 2304 bis
234 2241 498 2304 incendio
513 2239 874 2304 commisceri:
890 2256 980 2317 ut,
994 2242 1032 2304 fi
1047 2247 1106 2304 in
1122 2244 1222 2305 illo
1237 2244 1338 2327 pe-

131 2333 207 2390 ne
246 2327 368 2390 fato
409 2329 733 2411 reipublicae
764 2331 946 2409 objeci
967 2351 1148 2392 meum
1171 2347 1336 2412 caput

128 2423 237 2498 pro
262 2412 457 2476 vestris
480 2419 867 2493 caeremoniis,
905 2432 1070 2498 atque
1094 2419 1336 2498 templis,

126 2501 613 2587 perditiffimorum
628 2505 835 2568 civium
848 2503 1024 2570 furori
1027 2521 1212 2588 ‚atque
1225 2504 1337 2590 fer-3
