1717 3075
536 175 1138 235 RESPoNsls.
1314 192 1428 251 209

229 267 539 335 excluserat
554 315 576 348 ,
618 274 988 353 acerrimeque
1023 294 1136 333 una
1177 292 1318 335 voce
1363 294 1428 333 ac

234 374 427 421 mente
448 358 746 420 restiterat.
770 359 828 419 id
851 358 970 440 post
992 359 1258 420 diffidium
1281 362 1432 441 opti-

234 448 489 521 matium,
512 446 583 507 de
606 466 721 525 quo
744 444 864 525 ipso
881 468 1032 507 nunc
1055 466 1430 521 monemur,1-

234 546 297 593 ta
314 534 747 613 perturbatum,'
732 547 921 611 itaque
950 548 1318 613 permutatum
1337 530 1434 607 est,

234 632 325 693 υς
358 619 507 697 quod
530 616 699 679 frater
734 617 926 679 consul
954 640 1025 679 ne
1054 618 1228 694 fieret,
1263 617 1428 679 obsti-

235 719 402 763 terat:
426 705 581 783 quod
594 705 775 765 affinis
790 720 845 763 et
862 702 1085 780 sodalis,
1117 705 1429 766 clarissimus

234 792 349 867 vir,
364 793 459 871 qui
479 790 633 851 illum
650 811 800 849 reum
815 811 937 851 non
951 792 1219 867 laudaret,
1239 792 1434 851 exclu-

204 934 213 939 -
234 874 375 937 ferat
393 898 411 935 ε
436 878 493 937 id
516 878 565 935 is
586 874 781 936 consul
802 876 1038 936 efficeret
1051 881 1112 937 in
1145 876 1430 939 discordiis

234 964 675 1043 principum,qui
689 961 771 1022 illi
785 983 930 1021 unus
946 964 1333 1025 inimicissimus
1349 963 1432 1025 es·

232 1048 287 1109 se
302 1048 583 1109 debuerat:
606 1064 663 1109 et
684 1070 751 1108 eo
765 1047 948 1109 fecisse
972 1054 1188 1111 auctore
1206 1050 1261 1111 se
1281 1050 1429 1120 dice·

232 1150 339 1211 ret,
378 1137 537 1215 cujus
572 1138 915 1197 auctoritatis
951 1140 1224 1199 neminem
1255 1136 1429 1218 poffet

229 1223 535 1301 poenitere.
568 1222 769 1299 injecia
782 1221 857 1281 est
874 1221 968 1282 fax
983 1222 1142 1283 foeda
1166 1244 1228 1283 ac
1253 1224 1430 1283 luctu·

231 1305 325 1367 osa
338 1308 689 1387 reipublicae,
712 1311 884 1387 petita
906 1307 980 1367 est
996 1311 1291 1369 aufioritas
1310 1308 1412 1371 ves
1404 1342 1428 1355 -

230 1409 349 1467 tra,
379 1396 621 1471 gravitas
658 1393 1096 1473 amplissimorum
1134 1394 1392 1455 ordinum
1407 1439 1430 1472 ,

226 1477 513 1542 consensio
528 1482 803 1542 bonorum
820 1483 1094 1556 omnium,
1105 1495 1258 1542 totus
1275 1481 1430 1542 deni-

226 1587 340 1647 que
356 1569 601 1628 civitatis
621 1567 809 1628 status,
857 1570 992 1626 haec
1007 1570 1153 1630 enim
1169 1584 1315 1630 certe
1329 1590 1426 1649 pe·

227 1655 505 1729 tebanmr,
522 1675 649 1716 cum
666 1656 723 1712 in
740 1674 853 1727 me,
867 1656 1215 1732 cognitorem
1229 1659 1426 1716 harum

228 1742 479 1802 omnium
495 1761 699 1814 rerum,
714 1741 806 1799 ina
818 1739 1038 1800 flamma
1051 1741 1274 1802 illorum
1289 1758 1425 1802 tem·

226 1846 427 1908 porum
449 1827 866 1903 conjiciebatur.
895 1827 1110 1906 excepi,
1127 1842 1180 1886 et
1203 1849 1307 1908 pro
1328 1849 1425 1907 pa·

225 1915 333 1974 tria
348 1909 495 1972 solus
510 1912 703 1972 exau-fit
730 1911 801 1972 fic
817 1927 1088 1988 tamen,ut
1103 1913 1424 1988 vos,iisdem

220 1999 445 2077 ignibus
470 1997 834 2078 circumsepti,
864 2018 953 2056 me
982 1999 1220 2078 primum
1247 2001 1418 2062 ictum

138 2119 167 2156 2
178 2121 205 2155 2
222 2105 329 2166 pro
342 2085 535 2159 vobis,
551 2100 611 2144 et
625 2083 926 2144 fumantem
941 2085 1220 2146 videretis.
1284 2093 1424 2146 Non

216 2170 545 2234 sedabantur
560 2169 857 2231 discordiae
884 2193 900 2230 ε
923 2167 1010 2230 sed
1029 2173 1196 2230 etiam
1219 2167 1417 2233 cresce·

217 2259 315 2320 bat
330 2261 391 2318 in
406 2277 505 2316 eos
522 2257 735 2331 odium,
756 2277 789 2315 a
819 2259 1020 2336 quibus
1053 2278 1162 2316 nos
1194 2255 1415 2320 defendi

216 2342 906 2424 putabamur.ecce,i-isdem
921 2345 1419 2418 auctoribusfflom-

215 2433 347 2510 peio
382 2431 654 2510 principe,
702 2433 799 2508 qui
836 2431 1148 2508 cupientem
1179 2429 1416 2504 Italiam,

212 2514 481 2600 populum
502 2521 817 2578 Romanum
831 2513 1242 2594 desiderantem,
1258 2514 1415 2598 flagi-
