1717 3075
563 157 1203 218 CN.PLANCrcr.
1378 177 1491 234 277

275 247 362 309 do
377 245 618 329 possent,
629 247 800 310 scelus
823 263 1001 308 autem
1017 249 1145 309 efflet
1161 269 1504 330 quemquam

275 336 608 414 praeteriri:
635 333 1031 415 statuissemque
1060 355 1160 394 eos
1186 333 1357 394 solum
1382 359 1489 398 no·

274 421 522 493 minare,
537 422 634 498 qui
651 419 838 480 causae
855 420 1069 479 nostrae
1082 421 1270 495 duces,
1281 437 1335 479 et
1352 443 1489 500 qua·

278 503 324 564 fi
339 502 576 582 [igniferi
591 504 830 578 fuiffent,
853 508 915 564 in
931 509 1017 564 his
1034 506 1257 564 Plancio
1279 511 1491 583 gratias

278 591 396 668 egi.
444 592 702 649 recitetur
730 593 941 664 oratio,
961 611 1103 669 quae
1124 607 1351 670 propter
1364 595 1491 671 ejus

279 673 718 752 magnitudinem
733 676 877 736 dista
888 677 955 734 de
968 675 1173 754 scripto
1188 675 1283 735 est:
1298 680 1355 736 in
1374 699 1487 757 qua

281 781 389 838 ego
405 763 576 821 homo
595 761 799 820 astutus
815 764 866 820 ei
882 783 973 821 me
988 762 1269 836 dedebam,
1291 767 1485 824 cui-ni·

279 849 366 906 hi!
391 859 726 926 magnopere
745 847 1019 923 deberem,
1055 862 1113 906 et
1142 848 1307 923 hujus
1336 853 1483 911 tanti

281 932 452 992 officii
463 931 778 991 servitutem
793 930 1153 1010 astringebam
1170 932 1483 998 testimonio

281 1015 634 1096 sempiterno.
697 1017 836 1076 nolo
872 1034 1119 1092 caetera,
1148 1038 1287 1098 quae
1324 1041 1375 1079 a.
1393 1041 1485 1081 me

281 1102 536 1162 mandata
559 1101 684 1162 sunt
705 1103 905 1177 literis,
945 1108 1207 1164 recitare:
1240 1121 1479 1183 praeter·

279 1191 448 1248 mitto
465 1188 579 1262 illa,
594 1201 666 1248 ne
683 1203 777 1248 aut
793 1189 1039 1268 proferre
1052 1190 1243 1249 videar
1256 1191 1323 1250 ad
1344 1207 1479 1252 tem·

155 1300 163 1309 ·
281 1293 412 1354 pus,
446 1289 540 1332 aut
561 1295 631 1333 eo
654 1295 852 1352 genere
882 1278 961 1334 uti
993 1277 1294 1350 literarum,
1326 1277 1491 1356 quod'

279 1361 422 1420 meis
443 1358 644 1432 studies,
677 1362 883 1437 aptius,
908 1381 1075 1440 quam
1096 1361 1483 1424 consuetudini

189 1472 226 1520 3
239 1473 260 1507 ι
279 1444 638 1524 judiciorum,
659 1443 761 1504 esse
784 1445 1054 1505 videatur.
1176 1453 1361 1527 Atque
1374 1450 1489 1508 etis
1578 1485 1583 1490 ·

283 1550 376 1591 am
391 1530 658 1606 elamitae,
677 1530 1003 1591 Laterenfis:
1036 1531 1055 1565 ‘
1087 1532 1371 1614 quousque
1386 1533 1481 1595 ista

281 1616 306 1651 ‘
337 1615 514 1675 dicis?
541 1618 754 1677 nihilin
773 1617 959 1697 Cispio
983 1618 1275 1698 profecisti.
1322 1620 1487 1682 abso·'

281 1702 306 1737 ‘
333 1702 483 1761 lutae
497 1702 614 1780 jam
631 1701 757 1762 sunt
788 1723 977 1782 preces
998 1708 1168 1764 tuae?
1198 1704 1268 1764 de
1290 1703 1489 1785 Cispio

280 1790 494 1850 mihine
507 1803 566 1848 tu
592 1790 844 1866 objicies„
871 1808 1036 1869 quem
1058 1810 1163 1868 ego
1185 1790 1256 1850 de
1274 1811 1361 1849 me
1382 1793 1475 1851 be·

279 1894 356 1935 ne
369 1876 622 1935 meritum
639 1876 768 1954 quia
789 1891 847 1933 te
859 1874 987 1933 teste
1002 1896 1400 1953 cognoveram,
1424 1894 1507 1938 te·-

277 1958 474 2021 eodem
487 1966 704 2021 auctore
719 1960 971 2021 defendi?
984 1976 1040 2019 et
1054 1963 1105 2020 ei
1118 1962 1289 2037 dices,
1304 1964 1323 1995 ‘
1336 1984 1481 2041 quo·

285 2046 313 2082 ‘
340 2043 549 2124 usque,'
571 2066 736 2125 quem
754 2066 949 2123 negas,
979 2047 1128 2126 quod
1153 2068 1257 2125 pro
1290 2047 1479 2128 Cispio

274 2130 648 2206 contenderit,
671 2134 965 2210 impetrare
980 2131 1237 2211 potuisse?
1262 2152 1392 2193 nam
1408 2134 1479 2195 is-.
1580 2192 1585 2195 .

272 2220 389 2277 tius
404 2218 581 2291 verbi,
603 2218 625 2249 ‘
649 2216 980 2295 quousque,'
1010 2221 1141 2277 haec
1163 2234 1382 2293 poterat
1394 2218 1479 2279 es·

168 2306 178 2313 “
275 2301 333 2363 se
347 2302 576 2375 invidia,
593 2310 770 2361 Datus
787 2302 859 2361 est
877 2304 975 2361 tibi
992 2303 1105 2361 ille:
1126 2302 1477 2367 condonatus

274 2386 408 2448 ille:
447 2408 566 2447 non
580 2387 713 2447 facis
735 2387 903 2447 finem
924 2411 941 2448 e
980 2387 1119 2449 ferre
1142 2408 1270 2449 non.
1294 2388 1481 2469 poffu·

275 2494 426 2537 mus.
472 2475 524 2533 ei
546 2473 790 2556 quidem,
819 2476 919 2557 qui
938 2494 1045 2557 pro
1059 2495 1175 2537 uno
1190 2473 1485 2556 laborarit,
1592 2469 1595 2475 ’
