1717 3075
387 131 501 204 264
643 126 1065 184 ORATIO
1116 119 1337 184 PRO'

380 217 722 288 malediffinn
741 249 758 285 t
793 225 931 286 nihil
944 224 1160 285 facilius
1177 221 1481 298 emittittir,
1502 223 1609 284 tii-r

381 313 466 374 hil
481 311 1089 392 citiusexcipitur,nihil
1106 309 1591 390 latiusdiffipatnr.

383 418 566 480 neque
585 419 712 476 ego,
735 397 774 456 fi
797 397 1011 456 fontem
1040 397 1315 456 maledieti
1348 399 1595 476 reperie-

385 489 462 545 tis
481 508 498 545 ε
520 502 586 544 ut
621 501 716 543 aut
745 484 1055 560 negligatiS,
1096 499 1192 542 ant
1220 482 1597 558 distimuletis,

385 591 630 651 unquam
651 569 957 649 postulabo.
1006 567 1114 642 sed,
1144 567 1184 628 fi
1206 567 1341 647 quid
1368 567 1488 627 stne
1502 589 1597 628 ca·

384 660 514 738 pite·
529 657 797 730 manabit,
821 671 917 715 aut
942 654 979 714 fi
1002 655 1135 732 qnid
1164 657 1270 712 erit
1290 653 1599 730 ejusmodi,

383 759 448 801 ut
467 763 589 802 non
605 757 758 801 extet
773 747 983 816 auetor,
1000 744 1095 818 qui
1115 740 1369 799 audierite
1398 757 1499 800 aut
1512 744 1601 801 ita

385 830 672 907 negligens
687 829 849 887 vobis
872 826 976 886 effe
1002 827 1297 897 videbitur,
1324 844 1419 900 u-t,
1440 828 1601 887 unde

387 916 640 986 audierit,
669 913 880 972 oblitus
904 911 1000 971 (it-2
1024 928 1120 970 aut
1134 913 1209 972 ita
1224 911 1408 971 levem
1422 913 1601 973 habe·

385 1003 470 1062 bit
495 1006 794 1072 auetorem,
817 1014 884 1057 ut
904 1000 1170 1058 memor-iii
1198 996 1435 1074 dignum
1468 1021 1603 1061 non

386 1088 594 1167 putarit
615 1108 630 1145 =
654 1086 818 1162 hujus
842 1084 935 1143 ina
957 1105 1076 1144 vox
1094 1084 1363 1162 vulgaris,
1389 1085 1412 1116 ‘
1430 1087 1601 1146 audi·

387 1172 408 1206 ⁴
437 1175 541 1246 vi,'
572 1191 644 1232 ne
669 1169 803 1250 quid
821 1191 920 1230 reo
951 1172 1240 1230 innocenti
1261 1187 1495 1246 noceat,
1528 1195 1599 1232 o-

385 1278 595 1318 ramus·
639 1257 643 1260 ’
715 1257 816 1316 Sed
831 1258 1003 1318 venio
1015 1257 1131 1334 jam
1144 1256 1215 1315 ad
1229 1260 1299 1314 L.
1320 1258 1600 1334 Gauium,
1616 1263 1659 1307 ²⁴

387 1344 708 1404 familiarem
729 1363 935 1414 meum,
950 1344 1114 1421 eujus
1144 1361 1217 1402 ex
1233 1344 1505 1403 oratione
1522 1366 1599 1405 ne

383 1431 539 1490 ilium
555 1430 773 1510 quidem
790 1430 1113 1504 juventium
1130 1445 1310 1488 tecum
1324 1429 1600 1509 expostu-

385 1518 520 1579 lavi:
547 1538 711 1597 quem
727 1515 816 1575 ille
837 1518 993 1575 omni
1010 1531 1067 1575 et
1080 1517 1303 1589 virtute,
1318 1530 1373 1574 et
1390 1519 1602 1579 huma-

387 1606 563 1665 nitate
599 1617 831 1663 ornatus
866 1600 1207 1675 adolescens,
1244 1602 1493 1681 primum
1526 1606 1603 1665 de

385 1691 546 1770 plebe
567 1690 793 1748 aedilem
809 1686 1053 1747 curulem
1076 1688 1275 1747 factum
1290 1686 1393 1747 effe
1414 1689 1594 1751 dixit.

383 1778 600 1855 inquo,
625 1774 784 1848 Cassi,
807 1772 941 1831 fiita
963 1777 1063 1833 tibi
1079 1771 1461 1852 respondeam,
1488 1797 1589 1837 ne·

385 1860 536 1923 sciffe
549 1862 603 1919 id
620 1861 885 1942 populum
912 1865 1250 1933 Romanum,
1278 1879 1464 1938 neque
1478 1860 1590 1921 fui-

387 1947 480 2009 ime
520 1949 617 2027 qui
657 1946 712 2005 id
751 1947 918 2005 nobis
957 1960 1229 2018 narraret,
1266 1945 1585 2024 praesertim

385 2050 612 2096 mortuo
645 2034 949 2109 Longinot
976 2053 1117 2104 non,
1140 2046 1203 2090 ut
1226 2032 1461 2111 opinor,
1490 2033 1585 2093 ad·

383 2124 604 2195 mit-ere,
640 2140 766 2177 cum
797 2138 903 2194 ego
932 2118 1043 2195 ipse
1072 2137 1191 2177 non
1212 2120 1523 2179 abhorrens
1550 2140 1583 2179 a

383 2205 560 2269 studio
580 2205 950 2283 antiquitatis,
972 2224 1058 2263 me
1088 2206 1181 2263 hic
1210 2202 1267 2261 id
1290 2223 1363 2262 ex
1384 2219 1445 2263 te
1468 2207 1579 2285 pri·

379 2312 534 2353 mum
556 2288 755 2351 audiffe
767 2290 1052 2349 confitear.
1097 2304 1176 2361 et,
1200 2292 1471 2367 quoniam
1484 2306 1577 2351 tut

377 2378 484 2436 fixit
498 2376 782 2454 perelegan
789 2396 905 2449 s,ac
918 2374 1227 2455 persubtilis
1240 2376 1575 2454 oratio‚dig·

375 2477 452 2521 na
473 2462 675 2540 equitis
691 2462 931 2523 Romani
952 2460 1043 2523 vel
1058 2459 1237 2525 studio
1237 2502 1275 2541 ,.
1292 2461 1383 2523 vel
1390 2462 1579 2542 pudo-1
