1717 3075
400 176 958 239 ‘'P-SEXTIO·
1037 215 1044 221 ·
1164 200 1276 262 333

84 280 213 341 neni
228 273 393 351 fuiffe,
410 292 471 337 ut
486 277 581 341 alii
592 277 838 337 dicerent
852 280 1070 337 animos
1092 280 1275 341 homi'·

86 388 223 427 num
247 361 529 443 sensusque
558 379 739 425 morte
762 362 1044 442 restingui,
1069 365 1160 425 alii
1179 388 1276 427 aus

86 467 331 512 temtum
362 451 601 510 maxime
628 466 853 511 mentes·
867 450 1188 531 sapientium
1209 474 1278 513 ac
1374 498 1386 505 -

86 538 310 600 fortium
336 539 607 611 virorum,
630 557 755 595 cum
776 558 807 597 e
836 558 1074 618 corpore
1094 538 1279 599 exces-

86 623 285 699 fiffent,
307 620 503 683 sentire
525 642 589 681 ac
617 624 805 699 vigere
828 624 848 681 ?
876 642 1112 702 quorum
1137 626 1278 685 alte⁴

86 732 212 771 rum
242 708 552 787 fugiendum
588 729 707 768 non
730 707 856 784 effe,
879 731 1060 770 carere
1080 710 1232 772 sensu
1249 734 1269 773 t

86 797 313 857 alterum
352 797 516 855 etiam
548 794 879 875 optandum,
915 798 1142 857 meiinre
1171 797 1278 858 effe

82 882 261 943 sensu.
298 881 561 960 denique,
589 902 717 941 cum
746 884 940 941 omnia
969 884 1174 962 semper
1205 884 1275 944 ad

82 970 403 1045 dignitatem
432 965 745 1041 retuliffim,
770 987 872 1027 nec
893 967 1004 1028 fine
1028 990 1090 1028 ea
1114 971 1278 1049 quid·

80 1074 249 1135 quam
280 1054 645 1133 expetendum
682 1052 787 1113 esse
816 1057 1032 1114 homini
1061 1058 1122 1115 in
1161 1059 1278 1118 vita

81 1139 365 1222 pumss'em3
390 1156 648 1214 mortem,
664 1160 827 1219 qnam
842 1144 1010 1201 etiam
1030 1144 1276 1219 virgines

82 1229 343 1301 Athenis,
368 1230 534 1304 regis,
556 1229 783 1305 opinor,
798 1231 1088 1288 Erechthei
1109 1229 1280 1308 filiae,

82 1332 195 1395 pro
204 1314 378 1395 patria
394 1312 771 1391 contempsisse
784 1314 1174 1393 dicuntur,ego
1191 1320 1280 1377 vit·

81 1400 405 1475 consularis,
432 1402 605 1459 tantis
622 1402 783 1459 rebus
798 1399 979 1477 gestis,
996 1403 1274 1462 timerem?

79 1484 397 1570 praesertim
439 1507 563 1546 cum
616 1487 735 1564 ejus
788 1486 948 1548 essem
993 1489 1232 1549 civitatis
1253 1531 1274 1564 ,

77 1591 155 1634 ex
170 1593 283 1653 qua
306 1581 380 1648 Q.
399 1575 619 1634 Mucius
644 1571 789 1633 solus
812 1576 870 1632 in
895 1573 1064 1634 castra
1088 1575 1278 1636 Porse-

75 1681 186 1722 nae
201 1659 448 1734 venisset,
472 1679 703 1738 eumque
718 1659 1048 1733 interficere,
1070 1681 1281 1742 propo·

74 1746 177 1808 fita
194 1745 295 1806 fibi
308 1762 509 1820 morte,
538 1763 773 1808 conatus
790 1746 954 1806 estet?
980 1769 1052 1806 ex
1081 1769 1190 1828 qua
1213 1756 1276 1809 P.

75 1835 293 1894 Decius
316 1835 549 1912 primum
581 1850 758 1913 pater,
790 1833 912 1913 post
939 1833 1152 1914 aliquot
1177 1857 1277 1894 an-

73 1939 192 1980 nos
209 1921 387 1999 patria
404 1921 609 1980 virtute
626 1920 908 2000 praeditus
937 1918 1108 1995 filius,
1138 1921 1192 1981 se
1213 1943 1280 1982 ac

72 2008 255 2066 vitam
272 2003 443 2078 suam,
457 2005 711 2066 instructa
728 2010 862 2081 acie,
875 2027 980 2082 pro
997 2005 1164 2066 salute
1176 2029 1280 2088 po·

68 2092 197 2172 puli
215 2094 469 2163 ‚Romani
490 2094 829 2170 vietoriaque
850 2092 1180 2153 devovisset?
1204 2115 1278 2154 ex

68 2199 189 2258 qua
226 2178 656 2238 innumerabiles
687 2180 799 2250 alii,
843 2181 1044 2258 partim
1074 2179 1278 2258 ‚adipis-

66 2263 284 2324 cendae
310 2262 515 2338 Ιειιιάὶε,Α
539 2267 737 2344 partim
760 2262 1018 2323 vitandae
1039 2267 1279 2344 turpitu-

64 2351 223 2410 dinis
238 2352 430 2424 causfi,
446 2367 703 2425 mortem,
720 2353 781 2409 in
798 2353 968 2408 variis
981 2351 1166 2426 bellis,
1187 2372 1278 2410 ae-

62 2437 341 2514 quiffimis
367 2438 564 2497 animis
580 2435 910 2517 oppetiffent
934 2436 964 2494 ἒ·
978 2439 1039 2496 in
1065 2457 1174 2515 qua
1198 2439 1277 2496 ci-

60 2525 251 2588 vitate
296 2521 410 2606 ipse
446 2522 825 2608 meminissem,-
863 2538 1072 2604 patrem
1111 2525 1285 2605 hujus
