1717 3075
318 123 433 187 228
632 122 985 181 omar-10
1022 122 1194 201 rizo

318 213 648 277 existimatio
664 216 998 279 offendenda
1013 216 1108 293 est,
1139 215 1180 277 fi
1193 216 1346 277 illam
1363 226 1538 279 accu-

319 300 552 363 sationis
574 303 954 366 conditionem
969 303 1184 385 sequar,
1203 319 1300 363 aut
1313 307 1540 385 optime

322 386 395 447 de
415 406 505 449 me
519 392 699 451 meriti
716 389 859 451 salus
875 388 1169 451 deserenda
1184 388 1281 452 est.
1347 390 1454 451 Sed
1471 412 1540 451 e-
1564 420 1588 463 3

320 481 656 553 go,Lateren
662 474 974 551 fis,caecum
989 493 1156 551 me‚et
1167 478 1414 555 praecipi
1419 492 1538 537 tem

322 558 455 621 ferri
477 560 747 623 confitear
762 564 821 623 in
838 561 1020 637 causa,
1041 561 1082 621 fi
1103 576 1158 621 te
1181 578 1278 621 aut
1299 584 1335 621 a
1355 562 1536 623 Plan-

322 647 441 720 cio,
470 664 567 709 aut
586 651 653 709 ab
669 648 807 724 ullo,
834 648 1108 727 dignitate
1122 647 1354 729 potuisse
1367 647 1536 729 supe-

322 734 437 795 rari
458 733 675 795 dixero.
718 737 910 813 itaque
929 733 1198 795 discedam
1221 737 1290 795 ab
1303 756 1370 793 ea
1385 756 1536 795 con·

322 820 603 896 tentione,
632 821 699 881 ad
714 842 880 901 quam
897 837 958 883 tu
973 842 1062 883 me
1081 840 1276 895 vocae,
1297 836 1354 879 et
1367 823 1536 881 veni·

205 958 209 965 .
322 924 414 965 am
438 906 507 967 ad
528 906 697 981 illam,
735 908 807 967 ad
838 928 1005 988 quam
1019 926 1107 967 me
1123 905 1282 969 causa
1295 906 1410 987 ipsa
1433 908 1534 967 de·

323 989 500 1053 ducit.
548 993 683 1071 quid
704 993 724 1054 ἓ
750 1009 811 1053 tu
838 1014 958 1055 non
973 993 1260 1073 dignitatis
1281 994 1534 1071 judicem

322 1092 488 1159 putas
517 1077 619 1139 effe
647 1079 955 1161 populum?
991 1077 1215 1141 fortaffe
1255 1100 1530 1141 nonnun-

326 1162 497 1243 quam
518 1162 613 1226 est.
646 1168 862 1227 utinam
876 1181 1010 1227 vero
1035 1164 1242 1245 semper
1255 1165 1402 1227 efflet!
1433 1164 1530 1225 sed

324 1248 402 1311 est
416 1254 668 1331 pei-tarot
690 1268 743 1313 et
758 1252 797 1313 fi
812 1252 1038 1331 quando
1051 1250 1146 1329 est,
1169 1255 1228 1312 in
1245 1253 1313 1311 iis
1329 1250 1530 1328 magis:

322 1340 559 1399 tratibus
586 1338 663 1398 est
682 1338 1034 1412 mandandis,
1061 1340 1260 1417 quibus
1293 1336 1522 1399 salutem

318 1422 469 1488 suam
499 1427 771 1487 committi
789 1439 978 1506 putat:
1002 1426 1094 1485 his
1107 1424 1408 1485 levioribus
1421 1444 1520 1485 co·

319 1512 517 1588 mitiis,
540 1511 824 1590 diligentia
838 1526 895 1572 et
909 1512 1082 1590 gratia
1096 1512 1398 1592 petitorum
1415 1514 1528 1574 ho·.

318 1619 431 1658 nos
456 1600 665 1679 paritur
680 1622 701 1672 3
742 1619 864 1659 non
893 1600 962 1658 iis
985 1599 1352 1672 ornamentis,
1381 1617 1522 1676 quae

318 1682 425 1754 effe
448 1687 507 1744 in
532 1699 587 1744 te
617 1685 890 1746 videmus.
943 1703 1098 1760 nam,
1126 1683 1280 1763 quod
1309 1683 1378 1744 ad
1414 1705 1516 1764 po·

317 1771 511 1850 pulum
540 1774 799 1850 pertinet,
844 1769 1048 1850 semper
1085 1769 1371 1848 dignitatis
1405 1772 1516 1832 ini-

318 1876 463 1936 quus
472 1856 651 1934 judex
668 1855 765 1936 est,
772 1858 872 1937 qui
885 1873 984 1916 aut
995 1857 1332 1932 invidetssut
1345 1855 1510 1918 favet.

318 1961 637 2024 quanquam
652 1944 789 2004 nihil
804 1957 964 2024 potes
987 1944 1046 2003 in
1069 1959 1145 2018 te,
1180 1941 1508 2016 Laterenfis‚

316 2027 667 2105 constituere,
718 2029 874 2108 quod
910 2027 975 2090 fit
1016 2031 1306 2111 proprium
1341 2028 1516 2090 laudis

314 2131 467 2191 tuae,
484 2117 617 2196 quin
634 2116 691 2177 id
710 2119 811 2176 tibi
826 2115 891 2176 fit
906 2133 1197 2176 commune
1214 2135 1338 2174 cum
1357 2114 1514 2176 Plan·-

316 2203 431 2262 cio.
450 2200 540 2262 sed
556 2207 663 2264 hoc
678 2218 859 2264 totum
875 2216 1066 2279 agetur
1079 2199 1188 2260 alio
1204 2200 1353 2262 loco:
1367 2221 1516 2260 nunc

315 2302 534 2348 tantum
552 2287 771 2367 disputo
786 2288 989 2368 dejure
1004 2286 1220 2367 populi,
1230 2288 1398 2366 quiet
1411 2307 1512 2366 po-

315 2372 442 2444 test,
462 2389 517 2431 et
546 2373 679 2434 solet
708 2379 1117 2452 nonnunquam
1139 2370 1342 2450 dignos
1356 2392 1523 2453 praem

314 2457 517 2518 terite:
540 2480 665 2539 nec,
690 2457 733 2522 fi
761 2480 795 2520 a
822 2457 1037 2542 populo
1057 2460 1386 2542 praeteritus
1415 2457 1510 2535 est,
