1717 3075
409 156 1022 221 .DOM08UA.
1227 180 1334 237 ιιι

128 253 503 328 ornamentis,
547 250 639 313 sed
680 256 847 315 etiam
893 256 1044 315 urbis
1089 259 1344 336 partibus

52 348 111 400 58
131 340 279 405 velle
320 336 427 399 effe
470 341 770 419 privatum.
941 347 1076 403 Non
1114 362 1200 403 me
1235 346 1342 405 bo-

132 448 339 492 norum
374 426 639 505 direptio,
670 448 792 489 non
815 432 1086 491 testei-um
1115 430 1342 507 excisio,

132 534 257 577 non
275 512 631 594 depopulatio
642 514 1130 595 praedici-ammon
1141 518 1346 597 praeda

135 600 427 665 consulum
446 620 521 662 ex
552 605 690 665 meis
722 601 964 669 fortunia
989 603 1346 669 crudelissimo

133 705 301 769 capta
317 704 625 769 permovet:
645 688 845 752 caduca
863 687 1069 770 semper
1072 710 1150 767 ‚et
1165 693 1344 753 mobi-

138 777 217 837 lia
230 778 367 836 haec
382 774 484 833 ess'e
500 774 657 835 duxit
683 796 801 835 non
819 777 1044 837 virtutis
1066 794 1232 857 atque
1251 781 1344 843 in}

137 864 317 942 genii,
356 860 443 921 sed
467 860 725 921 fortunae
738 877 794 920 et
811 878 1120 942 temporum
1151 885 1344 925 mune·

136 971 231 1011 rat
254 968 495 1028 quorum
514 968 621 1026 ego
637 968 757 1007 non
773 963 886 1008 tam
900 949 1215 1010 facultatem
1234 972 1344 1010 un·

136 1056 336 1117 quam,
380 1049 436 1093 et
478 1036 695 1115 copiam
724 1036 1089 1114 expetendam
1123 1040 1344 1117 putavi,

138 1126 311 1203 quam
328 1137 382 1181 et
398 1122 459 1179 in
473 1119 689 1181 utendo
702 1124 996 1198 rationem,
1007 1124 1136 1181 etin
1155 1144 1345 1185 caren-

136 1211 221 1271 do
234 1210 579 1290 patientiam.
611 1208 814 1267 etenim
832 1206 904 1267 ad
927 1208 1172 1269 nostrum
1191 1209 1348 1273 usum

139 1294 544 1378 propemodum
572 1295 689 1371 jam
716 1294 793 1354 est
828 1294 1057 1355 definita
1093 1296 1347 1357 modera-

140 1385 231 1443 tio
260 1384 341 1441 rei
361 1380 679 1441 familiaris:
719 1381 905 1441 liberis
939 1398 1121 1443 autem
1144 1382 1349 1443 nostris

142 1467 279 1530 satis
304 1467 545 1549 amplum
576 1469 968 1547 patrimonium
1001 1471 1216 1552 paterni
1241 1490 1356 1530 no·

142 1557 343 1632 minis,
380 1577 445 1616 ac
470 1554 681 1614 nostrae
710 1557 1032 1633 memoriae,
1069 1557 1352 1638 relinque-

142 1663 297 1705 mus.
344 1641 513 1702 domo
529 1661 625 1722 pet
651 1639 821 1701 scelus
837 1644 1048 1724 erepti,
1070 1665 1166 1725 per
1179 1644 1354 1705 latro-

143 1731 365 1791 cinium
390 1729 677 1807 occupati,
698 1750 797 1808 per
812 1731 1098 1807 religionis
1111 1733 1226 1792 vim
1242 1729 1356 1792 sce-

142 1817 375 1878 leratius
412 1816 577 1874 etiam
608 1814 912 1892 aedificati,
949 1821 1116 1896 quim
1138 1819 1357 1892 eversa,

148 1923 340 1966 carere
369 1901 482 1962 fine
506 1904 746 1960 maxima
768 1905 1076 1978 ignominia
1098 1905 1356 1986 reipubli-

146 2011 275 2064 cae,
298 2009 425 2049 meo
455 1987 745 2063 dedecore,
766 2009 833 2049 ac
856 1989 1052 2050 dolore
1084 2012 1199 2051 non
1234 1988 1361 2072 pos·

148 2077 301 2139 sum.
358 2090 696 2155 quapropter
722 2073 763 2134 fi
791 2075 897 2136 diis
935 2077 1363 2154 immortalibuS,

149 2163 197 2224 fi
228 2160 463 2234 senatui,
486 2157 525 2218 fi
540 2160 749 2240 populo
774 2168 1056 2236 Romano,
1080 2161 1118 2222 fi
1133 2170 1360 2224 cunetae

154 2247 375 2322 Italiae,
399 2245 438 2306 fi
463 2248 791 2326 provinciis,
812 2247 853 2308 fi
883 2251 1088 2309 exteris
1114 2252 1362 2310 nationi·

152 2338 293 2410 buS,
322 2332 363 2394 fi
392 2330 814 2412 vobismetipfis,
839 2339 935 2416 qui
968 2339 1027 2394 in
1051 2358 1167 2396 mea
1197 2335 1366 2396 salute

154 2421 473 2504 principem
506 2415 711 2502 semper
740 2420 928 2484 locum
955 2424 1368 2485 auetoritatem·

694 2512 751 2568 H
799 2529 833 2572 2

1637 2766 1680 2804 Δ
1711 2751 1714 2804 Ι
