1717 3075
396 160 543 217 cN.
582 160 1044 217 PLANmo.
1201 160 1328 235 «2¹85

122 257 259 333 bus,
269 255 367 335 qizi
384 256 573 329 armis,
584 255 681 333 qui
695 256 896 333 opibus
914 254 1207 335 plurimum
1223 278 1327 337 po·

126 356 340 416 terant,
385 362 511 400 curn
526 384 545 415 ,
582 340 719 419 quid
754 340 1044 413 sentirent,
1096 340 1330 402 nescire-

126 442 243 487 turt
276 426 487 487 furialis
510 424 601 485 illa
616 446 737 485 vox
760 426 981 485 nefariis
997 426 1218 506 stupris,
1242 446 1330 487 re·

127 511 335 590 ligiofis
364 512 628 572 altaribus
664 511 1039 585 effeminata,
1070 512 1246 573 secum
1272 528 1332 573 et

126 598 287 673 illos,
307 615 363 659 et
384 596 637 659 consules
649 597 845 670 facere,
860 598 1184 658 acerbissime
1205 620 1331 679 per-

128 683 383 745 sonabat.
435 699 667 760 egentes
688 686 748 743 in
772 684 1099 761 locupletes,
1131 684 1332 764 perditi

129 771 193 831 in
208 774 417 844 bonos,
430 769 571 830 servi
590 771 651 828 in
666 769 930 851 dominos
955 772 1328 831 armabantur.

129 856 319 916 aderat
346 876 559 927 mecum
590 853 827 929 senatus,
854 871 912 912 et
935 856 1160 933 quidem
1191 855 1336 917 veste

130 939 377 1002 mutata:
409 941 563 1022 quod
586 961 689 1019 pro
716 960 806 999 me
826 962 969 1015 uno,
1005 940 1124 1019 post
1149 943 1336 1001 homi·

130 1048 273 1089 mim
287 1026 860 1106 memoriam,publico
876 1024 1103 1087 confilio
1121 1025 1334 1109 suscep·

130 1128 258 1173 tum
272 1112 367 1173 est.
414 1112 504 1172 fed
520 1111 830 1187 recordare,
852 1115 1092 1192 quitum
1121 1112 1332 1175 fuerint

130 1197 429 1262 consulum
448 1198 900 1273 nomine-hostes,
920 1200 1020 1277 >qui
1043 1196 1144 1257 soli
1155 1201 1218 1258 in
1231 1201 1334 1259 hac

134 1287 275 1346 nrbe
304 1284 551 1345 senatum
580 1282 790 1345 senatui
816 1305 1009 1363 parere
1043 1306 1164 1345 non
1200 1283 1336 1344 five·
1421 1352 1434 1367 .

136 1373 278 1434 rintz
311 1371 597 1448 edictoque
619 1368 717 1429 suo
734 1391 853 1429 non
869 1368 1337 1449 luciumpatribus

135 1455 487 1538 conscriptis,
498 1455 588 1518 sed
602 1456 779 1517 lucios
792 1457 998 1515 indicia
1013 1456 1338 1517 ademerint.

137 1544 331 1606 aderat
370 1565 583 1604 mecum
617 1547 843 1605 cunc'tus
869 1541 1118 1622 equester
1149 1543 1290 1604 ordo
1317 1565 1336 1603 ε

138 1645 309 1711 quem
326 1629 545 1709 quidem
562 1631 623 1689 in
640 1631 1008 1689 concionibus
1031 1626 1255 1688 saltator
1263 1628 1340 1688 il-

138 1717 197 1777 le
208 1716 479 1776 Catilinae
492 1715 687 1776 consul
700 1712 1122 1794 proscriptionis
1133 1713 1346 1774 denun-

138 1803 387 1864 tiatione.
416 1803 673 1862 terrebat.
720 1813 843 1860 tota
870 1800 1032 1859 Italia
1060 1819 1340 1860 convene·
1397 1807 1406 1824 ¹

138 1903 269 1952 rat:
302 1889 391 1950 cui
414 1887 633 1967 quidem
656 1886 787 1948 belli
805 1885 1076 1959 intestini,
1103 1901 1160 1946 et
1181 1884 1346 1948 vasti-

58 1986 119 2039 36
138 1975 278 2044 tatis
288 1990 469 2034 metus
484 1973 834 2032 inferebatur.
948 1970 1112 2032 Hisce
1123 1992 1230 2050 ego
1247 1992 1344 2032 au·

140 2062 299 2122 xiliis
314 2057 621 2129 studentibu
629 2080 677 2132 s,
690 2073 853 2138 atque
867 2059 1218 2130 incitatis,uti
1229 2076 1346 2131 me,

140 2145 478 2219 Laterensis,
516 2143 743 2223 potuiffi:
765 2142 1038 2203 confiteor
1062 2165 1080 2200 ε
1104 2141 1195 2201 sed
1222 2157 1344 2202 erat

138 2254 267 2295 non
285 2233 432 2308 jure,
450 2249 568 2290 non
583 2230 816 2306 legibus,
840 2249 960 2288 non
988 2227 1346 2307 disceptando

138 2316 557 2380 decertandum.
604 2336 733 2374 nam
748 2314 1018 2396 profecto,
1031 2311 1349 2393 praesertim

139 2421 259 2464 tam
281 2405 431 2464 bona
459 2403 521 2460 in
542 2399 723 2476 causa,
746 2419 1056 2479 nunquam,
1087 2418 1203 2478 quo
1225 2417 1346 2458 cae-

139 2493 249 2554 teri
290 2488 664 2567 abundarunt,
695 2485 753 2550 id
780 2485 919 2550 mihi
945 2483 1048 2569 ipfi
1081 2484 1348 2550 auxilium
