1717 3075
356 188 469 263 284
638 190 1024 247 ORATIO
1068 188 1246 245 PRo

350 289 471 367 qui,
492 286 645 367 quod
666 288 775 347 dici
792 290 997 366 potuit,
1027 308 1148 347 non
1178 282 1422 345 dixerim
1445 307 1464 345 ε
1492 305 1577 345 an

354 388 440 446 tu,
458 377 551 452 qui
574 376 738 433 etiam
758 372 871 453 ipse
885 376 946 432 in
971 389 1026 433 te
1041 372 1275 432 dixeris?
1295 387 1350 431 te
1365 374 1586 430 aiebas
1679 405 1681 419 ι

356 459 427 519 de
442 462 553 517 tuis
570 462 727 519 rebus
742 458 901 536 gestis
925 459 1102 517 nullas
1131 459 1326 518 literas-
1336 456 1574 530 mififl'e,

239 606 251 613 ,
358 544 512 621 quod
526 548 661 605 mihi
676 565 845 619 meae,
880 565 1018 624 quas
1035 544 1104 603 ad
1123 543 1363 623 aliquem
1389 540 1576 601 milis·

358 628 493 704 sem,
514 630 826 691 obfuiffent.
874 650 1015 710 quas
1027 651 1131 707 ego
1161 631 1295 687 mihi
1325 626 1576 687 obfuisse

359 734 479 773 non
495 716 773 794 intelligo:
799 717 1120 796 reipublicae
1141 715 1307 774 video
1331 711 1573 793 prodes·-

358 797 680 880 stpotuiss'e.
791 802 894 861 Sed
921 801 1044 860 sunt
1060 806 1190 860 haec
1207 800 1442 859 leviora:
1470 799 1576 858 illa
1597 806 1648 853 ³5
1684 854 1685 881 ᾗ

362 898 507 946 vero'
520 890 797 965 graviora,
818 902 986 968 atque
1011 908 1235 965 magna,
1258 886 1416 966 quod
1449 906 1576 945 me-

364 990 459 1033 um
482 973 779 1047 discessum,
796 994 961 1052 quem
975 973 1128 1053 saepe
1142 970 1390 1047 deflerai,
1409 992 1576 1031 nunc

362 1058 523 1137 quali
538 1060 950 1161 reprehendere,
973 1074 1028 1117 et
1043 1056 1384 1118 subaccusare
1399 1058 1574 1117 volu-

365 1143 472 1204 isti.
518 1145 703 1205 dixisti
740 1149 913 1220 enim,
953 1165 1080 1204 non
1105 1143 1370 1203 auxilium
1403 1144 1584 1217 mihi,

366 1227 457 1289 sed
476 1251 567 1290 me
580 1231 789 1291 auxilio
804 1229 1049 1291 defuisse.
1099 1251 1204 1308 ego
1233 1249 1367 1288 vero
1387 1227 1594 1287 fateor

367 1317 697 1393 mehercule,
727 1317 880 1397 quod
895 1316 1125 1377 viderim
1147 1318 1278 1374 mihi
1296 1315 1578 1374 auxilium

370 1423 492 1462 non
508 1402 699 1477 deesse,
723 1403 930 1463 idcirco
946 1422 1032 1461 me
1047 1402 1125 1460 illi
1147 1400 1354 1460 auxilio
1369 1420 1578 1480 peper-

371 1486 516 1552 eill'e.
564 1491 661 1568 qui
690 1490 835 1550 enim
856 1488 1046 1562 status,
1069 1486 1222 1568 quod
1251 1485 1578 1562 discrimen,
1690 1514 1691 1544 ι

372 1574 711 1654 quae’fuerit
744 1577 807 1634 in
836 1574 1108 1654 republica
1143 1571 1432 1653 tempestae
1455 1573 1578 1646 illa,
1690 1569 1691 1572 ’

372 1662 501 1738 quis
532 1659 743 1721 nescit?
793 1662 1112 1720 tribunitius
1141 1680 1230 1719 me
1257 1673 1466 1733 terror,
1496 1680 1574 1717 an
1689 1693 1691 1700 ·

319 1787 323 1792 -
372 1744 672 1806 consularis
696 1745 854 1806 furor
875 1746 1096 1805 movit?
1127 1745 1402 1804 decertare
1434 1745 1576 1804 mihi

374 1829 526 1891 ferro
542 1853 803 1910 magnum
820 1831 926 1890 fuit
941 1852 1064 1890 cum
1089 1831 1332 1910 reliquiis
1353 1850 1594 1903 eorum,-

376 1935 523 1994 quos
552 1935 658 1994 ego
681 1920 944 1977 florentes
979 1933 1144 1996 atque
1175 1913 1428 1993 ihtegros
1460 1915 1576 1974 fine

376 2000 525 2061 ferro
546 2005 782 2063 viceram
806 2004 826 2062 ἓ
852 2003 1103 2063 consules
1133 1999 1252 2080 post
1281 2003 1576 2062 hominum

378 2090 699 2148 memoriam
736 2091 1029 2165 teterrimi,
1064 2103 1230 2166 atque
1265 2087 1596 2166 turpiffimi,:

378 2171 515 2233 ficut
536 2189 591 2234 et
612 2172 702 2234 illa
724 2176 1018 2255 principia,
1047 2189 1106 2233 et
1127 2175 1186 2232 hi
1213 2187 1464 2232 recentes
1486 2191 1598 2230 re·‘

378 2279 500 2319 rum
530 2261 710 2320 exitus
745 2259 1130 2333 declararunt3
1169 2279 1405 2337 quorum
1435 2258 1581 2316 alter

377 2347 683 2414 exercitum
698 2345 957 2424 perdidit,
973 2345 1112 2405 alter
1125 2343 1398 2416 vendidit;
1417 2361 1576 2423 emp·

377 2429 453 2485 tis
482 2432 809 2504 provinciis,
846 2453 880 2490 a
914 2431 1122 2506 senatu,
1153 2451 1185 2488 a
1214 2429 1512 2508 republica,
1539 2448 1576 2486 a

375 2512 813 2590 bonis-‚omnibus
830 2515 1178 2594 defecerant..
1207 2513 1596 2597 quiex-exciti„-
