1717 3075
496 175 797 231 DoMo
846 174 1056 231 suA.
1133 138 1152 151 ⁹
1273 186 1378 251 ¹3⁷

152 282 291 330 tum
322 268 593 343 dicerem,
626 268 665 327 fi
696 268 918 349 quidem
955 290 1020 329 ea
1055 268 1384 349 reipublicae

150 356 341 415 musei
370 354 723 435 reliquissem,
754 358 954 434 quibus
983 376 1160 435 aequo
1192 358 1381 417 animo

154 460 460 499 carerem:
494 461 721 519 eamque
742 442 914 500 animi
937 441 1218 515 duritiem,
1247 440 1382 503 ficut

156 528 465 606 eorporis,
492 527 783 605 quodcum
808 528 1008 601 uritur,
1037 547 1160 587 non
1191 524 1380 603 scutit,

152 610 459 692 stuporem
490 614 702 691 potius,
734 632 902 691 quam
929 614 1190 673 virtutem
1221 630 1380 693 puta-

8 739 19 747 .
78 706 311 775 37pem.
438 697 715 777 Suscipere
728 714 918 757 tantos
931 700 1102 759 animi
1133 698 1382 777 dolores,

156 799 341 863 atque
358 804 451 859 ea,
464 802 631 862 quae,
652 800 810 863 capta
824 786 982 859 urbe,
993 784 1252 844 accidunt
1265 786 1380 845 vic-

146 870 267 943 tis,
293 868 479 929 stante
501 871 633 929 urbe
662 890 833 942 unum
865 872 1094 949 perpeti,
1117 884 1172 929 et
1185 870 1304 949 jam
1327 866 1380 929 se

156 954 367 1015 videre
388 953 605 1015 diſtrahi
620 977 653 1013 a
674 954 968 1035 complexu
992 954 1236 1030 suorum,
1270 950 1376 1017 dis-

160 1042 386 1100 turbati
400 1044 563 1117 teeta,
586 1041 750 1121 diripi
762 1041 1042 1117 fortunas,
1057 1044 1267 1123 patriae
1281 1040 1377 1103 de-

162 1128 347 1205 nique
364 1124 522 1185 causa
537 1130 765 1206 patriam
784 1126 956 1208 ipsam
969 1130 1238 1203 amittere,
1249 1126 1375 1209 spo-

160 1211 295 1273 liari
318 1212 517 1293 populi
542 1216 775 1273 Romani
808 1212 1088 1275 beneficiis
1121 1214 1372 1295 amplissi·

160 1299 305 1373 mis,
332 1300 683 1377 praecipitari
712 1320 783 1359 ex
808 1300 1058 1360 altiffimo
1082 1300 1372 1377 dignitatis

156 1383 345 1463 gradu
365 1426 385 1457 ,
432 1383 620 1443 videte
660 1401 1037 1465 praetextatos
1075 1388 1334 1445 inimicos
1351 1428 1372 1461 ,

163 1468 431 1529 nondum
454 1486 633 1530 morte
649 1471 1014 1552 complorata,
1037 1471 1260 1531 arbitria
1275 1492 1371 1552 pe-

167 1571 355 1619 tentes
376 1555 588 1619 funeris
610 1561 782 1619 :haec
806 1560 998 1624 omnia
1025 1555 1201 1618 subire
1230 1578 1368 1618 eon·

168 1639 569 1703 servandorum
582 1646 785 1704 civium
804 1644 981 1720 causa,
998 1660 1164 1724 atque
1183 1646 1282 1718 ita,
1304 1657 1368 1704 ut

169 1727 430 1788 dolenter
454 1727 610 1804 abfis,
641 1751 761 1790 non
792 1746 906 1790 tam
931 1728 1165 1810 sapiens,
1198 1751 1364 1810 quam

169 1813 235 1889 ii,
256 1817 353 1894 qui
370 1814 507 1874 nihil
524 1831 743 1892 curant,
772 1815 862 1876 sed
892 1832 1004 1876 tam
1028 1836 1218 1874 amans
1236 1832 1364 1876 tuo·

170 1919 317 1976 rum,
332 1921 395 1959 ac
410 1902 515 1975 tui,
542 1922 707 1981 quam
724 1904 1035 1962 communis
1052 1903 1362 1962 humanitas

169 1985 435 2066 postulat:
453 2007 517 2046 ea
530 1987 647 2046 laus
664 1987 964 2068 praeclara,
972 1987 1362 2074 atque-divina.

172 2074 441 2150 nam„qui
472 2094 555 2148 ea,
588 2093 727 2153 quae
744 2094 1026 2152 nunquam
1052 2095 1174 2134 cata
1190 2095 1252 2132 ac
1267 2075 1360 2152 ju-

173 2158 349 2218 cunda
384 2157 567 2234 duxit,
600 2160 789 2218 animo
820 2180 1004 2238 aequo
1037 2159 1361 2240 reipublicae

172 2242 327 2304 causa
345 2242 564 2320 deserit,
586 2243 791 2306 nullam
809 2245 1252 2306 benevolentiam
1267 2245 1358 2306 ln·

170 2327 363 2408 lignem
382 2332 443 2390 in
460 2329 846 2410 rempublicam
863 2330 1121 2392 declarat.
1155 2333 1251 2410 qui
1267 2352 1360 2392 au-

172 2431 291 2482 tem.
312 2437 375 2476 ea
412 2415 709 2495 relinquit,
748 2415 1076 2496 reipublicae
1113 2414 1294 2494 causa,
1323 2438 1359 2477 a

169 2499 741 2585 quibuseumsununo
756 2501 948 2566 dolote
972 2501 1279 2582 divellitur,
1304 2506 1358 2566 ei
