1717 3075
363 164 438 229 ‘32
611 187 617 195 -
711 154 1133 213 ORATIO
1176 154 1224 212 1.

357 250 473 313 nali
497 252 728 312 Aurelio
753 253 934 334 palam
962 252 1256 330 conscribi,
1282 256 1561 317 centuria·

357 339 518 417 rique
539 336 816 401 vidiffetn:
847 362 975 403 cum
999 340 1384 419 intelligerem,
1406 358 1559 402 vete·

357 444 452 485 res
463 425 532 485 ad
556 423 704 507 spem
727 425 934 503 caedis,
960 427 1227 487 Catilinae
1248 428 1561 505 copiaseffe

357 528 668 574 revocatas:
689 534 816 575 cum
831 513 1099 589 viderem,
1118 534 1190 573 ex
1203 534 1266 573 ea
1281 532 1439 594 parte
1454 517 1556 575 ho-

357 602 565 676 minen,
601 601 762 679 cujus
795 603 971 682 partis
1007 620 1117 661 nos
1148 601 1238 661 vel
1274 602 1557 681 principes

353 687 1002 768 numerabamur,part1m
1021 686 1174 767 quod
1190 688 1325 747 mihi
1342 687 1558 747 invide-

355 786 505 847 rent,
515 775 718 853 partim
735 774 885 853 quod
904 772 999 833 fibi
1016 775 1295 848 timerent,
1314 788 1411 833 aut
1425 792 1557 855 pro-

353 858 564 921 ditores
587 854 710 937 effe,
732 875 828 919 aut
847 857 1153 920 desertores
1168 858 1355 919 salutis
1370 880 1561 921 meae.

352 966 480 1007 cum
497 946 610 1006 duo
638 944 917 1023 consules,
947 948 1121 1026 empti
1142 938 1397 1027 paffione
1425 968 1561 1027 pro-

349 1034 681 1111 vinciarum,
706 1038 953 1094 nudiores
970 1031 1051 1093 se‘
1036 1034 1277 1093 mimicis
1296 1031 1561 1115 reipubli-

351 1138 450 1179 cae
462 1119 799 1181 tradidissent
813 1142 830 1179 ε
855 1141 983 1181 cum
998 1118 1307 1198 egestatem,
1324 1122 1559 1180 avariti-

351 1225 465 1281 am,
497 1206 755 1268 libidines
785 1204 909 1267 suas
931 1204 1187 1267 viderent
1208 1206 1419 1287 expleri
1436 1228 1561 1269 non

347 1291 521 1373 pofl'e,
541 1292 639 1353 nifi
656 1315 744 1354 me
759 1292 1108 1354 constrictum
1124 1292 1437 1355 domesticis
1452 1298 1559 1355 ho-

348 1379 518 1441 stibus
531 1378 817 1441 dediss'entz
849 1400 979 1443 cum
994 1378 1214 1441 senatus
1231 1380 1559 1463 equitesque

349 1468 592 1531 Romani
614 1468 743 1528 flere
756 1488 860 1550 pro
884 1488 995 1544 me,
1028 1488 1113 1547 ac,
1146 1482 1355 1527 mutata
1389 1466 1559 1546 veste,

351 1556 518 1616 vobis
547 1555 848 1647 supplicare
876 1556 1069 1616 edicitis
1099 1570 1267 1636 atque
1308 1557 1565 1636 imperiis

346 1655 700 1704 vetarentur·
726 1663 858 1705 cum
874 1639 1125 1705 omnium
1140 1645 1563 1724 provinciarum

345 1730 656 1810 pastiones,
666 1751 794 1792 cum
809 1731 1002 1791 omnia
1016 1751 1142 1790 cum
1158 1731 1421 1790 omnibus
1436 1729 1559 1792 foe-

343 1814 978 1892 dera‚reconeiiiationes
994 1818 1319 1897 gratiarum,
1328 1815 1555 1897 sangui·

344 1922 418 1964 ne
426 1922 554 1964 meo
562 1901 1059 1979 sancirentur30um
1066 1923 1263 1965 omnes
1273 1906 1412 1964 boni
1427 1925 1555 1966 non

344 1987 676 2068 recusarent,
699 1993 838 2074 quin
853 1991 945 2053 vel
960 2012 1065 2073 pro
1088 2011 1197 2069 me,
1218 1989 1311 2052 vel
1334 2011 1554 2053 mecum

341 2078 588 2161 perirent
608 2100 624 2138 =
645 2080 812 2140 armis
826 2078 1107 2140 decertare
1122 2099 1227 2160 pro
1239 2098 1367 2140 mea
1379 2075 1555 2140 salute

343 2162 525 2240 nolui,
555 2165 709 2244 quod
729 2180 788 2225 et
808 2167 1053 2243 vincere,
1084 2161 1145 2226 et'
1162 2166 1317 2226 vinci
1330 2165 1551 2226 lustun-

341 2249 462 2312 sum
489 2247 816 2331 reipublicae
837 2249 959 2312 fore
987 2253 1200 2334 putavi.
1247 2265 1307 2312 at
1334 2253 1553 2316 inimici

339 2340 451 2400 mei
464 2336 647 2398 mense
661 2341 929 2415 januario
943 2361 1068 2400 cum
1082 2339 1151 2399 de
1168 2359 1255 2398 me
1268 2353 1543 2418 ageretur,

345 2421 673 2504 corporibus
704 2426 915 2484 civium·
948 2425 1269 2500 trucidatis,
1316 2426 1547 2486 flumine

345 2507 628 2588 sanguinis
669 2529 854 2570 meum
885 2509 1121 2572 reditum
1162 2510 1549 2574 intercluden-
