1717 3075
402 158 513 225 3⁷12
698 140 1057 199 ORATIO
1098 140 1270 197 PRO

398 237 571 318 gradu
602 234 1042 315 ‘alienieopibus
1073 234 1474 313 pofitu⁸<effet‚
1513 238 1604 316 qni

398 345 519 388 non
536 321 1514 401 modo-tempestatemimpendentem
1529 326 1602 383 in-

402 410 914 481 tueritemulevtus,
943 406 1034 467 sed
1069 428 1140 467 ne
1163 408 1346 467 lucem
1361 412 1602 488 ¹quidem

398 498 675 559 insolitam
698 496 948 576 -aspicere
978 494 1184 575 pollet?
1225 494 1370 553 alter
1383 498 1602 557 multos
1672 486 1673 495 ¹

398 585 565 667 plane
576 587 637 643 iu
652 602 849 643 omnes
869 598 1050 660 partes
1073 580 1281 640 fefellit:
1315 598 1439 643 erat
1459 587 1602 643 enim

396 674 685 731 hominum
702 669 1272 745 opinioni,nobilitate
1289 666 1432 747 ipsa,
1446 671 1604 729 blan·

398 757 468 817 da
490 756 956 829 conciliatricula,
991 754 1434 815 commendatus.
1483 778 1606 816 om·

399 864 503 903 nes
526 845 663 903 boni
694 842 904 921 semper
931 841 1208 901 nobilitati
1237 840 1524 917 favemuS,
1551 858 1606 903 et

396 934 529 1011 quia
550 930 683 989 utile
706 927 777 987 est
800 928 1150 1003 reipublicae,
1171 926 1394 987 nobiles
1419 932 1604 989 homi-

397 1038 497 1076 nes
520 1016 624 1075 effe
646 1017 851 1092 dignos
883 1016 1184 1091 majoribus
1215 1012 1350 1086 suis»,
1383 1030 1446 1075 et
1479 1019 1604 1096 quia

398 1102 545 1163 valet
576 1103 723 1182 apud
750 1122 868 1161 nos
893 1101 1165 1159 clarorum
1195 1101 1526 1177 hominum,
1551 1118 1602 1163 et

389 1190 537 1249 bene
562 1188 631 1247 de
658 1188 936 1269 republica
957 1189 1274 1247 meritorum
1309 1191 1603 1265 memoria,

396 1281 561 1337 etiam
577 1290 946 1335 mortuorum.
986 1276 1126 1353 quia
1144 1272 1352 1333 tristem
1367 1272 1604 1356 semper,

328 1400 335 1407 -
396 1366 525 1442 quia
548 1363 906 1434 taciturnum,
939 1364 1069 1439 quia
1097 1358 1491 1421 subhorridum
1523 1378 1602 1422 at·

394 1470 503 1529 que
520 1450 787 1508 incultum
815 1447 1104 1520 videbant,
1127 1462 1186 1505 ct
1207 1446 1368 1525 quod
1389 1465 1518 1508 erat
1537 1470 1604 1509 eo

394 1538 645 1611 nomine,
678 1553 741 1594 ut
772 1537 1088 1613 ingenerata
1109 1533 1352 1594 familiae
1373 1534 1604 1614 frugali·
1674 1561 1675 1564 ¹

391 1637 479 1682 tas
494 1623 737 1684 viderem
744 1643 791 1694 r3
804 1621 1088 1694 favebant,
1103 1621 1448 1698 gaudebant,
1464 1638 1524 1683 et
1537 1621 1604 1682 ad

389 1711 761 1787 integritatem
777 1710 1050 1785 majorum
1075 1709 1164 1788 spe
1189 1706 1282 1767 sua
1303 1710 1600 1770 hominem

390 1799 691 1869 vocabant,
728 1799 968 1855 materni
995 1797 1214 1872 generis
1246 1796 1436 1855 obliti.
1495 1817 1598 1874 ego

386 1898 567 1942 autem
583 1881 741 1952 (vere
754 1885 862 1940 hoc
875 1882 1074 1956 dicam,
1096 1881 1348 1958 judices)
1371 1897 1600 1942 tantum
1674 1895 1675 1920 *

390 1967 495 2028 effi:
511 1970 570 2027 in
588 1969 812 2028 homine
829 1966 1066 2042 sceleris,
1095 1967 1372 2042 audaciae,
1395 1970 1598 2028 crude-

386 2055 855 2132 litatiS,quantum
873 2053 986 2134 ipse
999 2075 1122 2114 cum
1139 2053 1424 2133 republica
1439 2053 1598 2128 senfi,

385 2158 675 2219 nunquam
713 2143 926 2220 putavi·
1004 2161 1238 2220 nequam
1265 2138 1372 2198 effe
1403 2143 1594 2202 homi·
1673 2193 1675 2200 .

388 2249 539 2300 nem,
560 2242 617 2284 et
636 2227 815 2288 levem
820 2243 918 2302 set
933 2226 1063 2287 falsa
1079 2228 1370 2307 opinione,
1393 2247 1594 2286 errore

388 2315 681 2372 hominum
712 2316 781 2372 ab
822 2312 1188 2374 adolescentia
1227 2315 1594 2372 commenda·

378 2412 520 2467 tum,
532 2396 779 2458 sciebam.
806 2402 1012 2458 etenim
1025 2403 1244 2458 anitnus
1259 2397 1379 2473 ejus
1397 2399 1592 2474 vultu,
1673 2451 1675 2458 .

380 2481 587 2558 flagitia
616 2486 920 2566 parietibus
951 2488 1310 2566 tegebantur:
1343 2482 1440 2546 sed
1457 2489 1602 2550 haec
