1717 3075
337 139 376 199 8
642 146 999 204 ORATIO
1039 147 1213 206 P-Ro

332 254 390 301 te
405 239 687 323 praeditis,
710 244 957 321 gratuito
971 246 1255 305 civitatem
1269 244 1331 305 in
1356 250 1533 307 Grae·-

329 328 416 387 cia
445 329 700 389 homines
727 332 1212 411 impertiebantur,
1245 334 1533 409 Rheginos

333 414 523 489 eredo,
539 430 636 475 aut
651 416 975 492 Locrenses,
994 432 1087 475 aut
1105 417 1537 497 Neapolitanos,

328 516 427 561 aut
463 504 830 578 Tarentinos&
862 502 1023 583 quod·
1050 500 1277 563 scenicis
1308 505 1532 565 artifici·

329 588 439 651 bus
452 587 640 668 largiri
661 587 930 665 solebant,
962 588 1019 648 id
1035 592 1183 666 huic,
1218 586 1427 649 summa
1440 594 1533 651 in·

329 676 483 755 genii
505 675 759 755 praedito⁴
785 675 990 753 gloria,
1029 674 1279 736 noluiffe.
1340 676 1478 755 quid
1505 678 1533 740 ἓ

331 781 460 822 eum
475 764 670 823 caeteri
692 783 810 821 non
827 762 1001 823 niodo
1012 761 1133 842 post
1142 764 1423 823 civitatem
1434 762 1537 824 da·-

329 862 466 924 tam,
497 845 586 909 sed
607 852 770 909 etiam
794 848 914 929 post
944 849 1117 927 legem
1152 850 1398 929 Papiam,
1430 850 1536 911 ali·

332 956 450 1013 quo
472 935 643 996 modo
675 937 736 995 in
759 956 953 997 eorum
990 936 1417 1017 municipiorum
1446 952 1541 997 ta-

329 1022 485 1083 bulas
513 1021 847 1104 irrepserint=
872 1024 987 1097 hic,
1010 1024 1106 1102 qui
1132 1043 1203 1081 ne
1216 1022 1390 1083 utitur
1406 1026 1537 1103 qui-

329 1109 456 1169 dem
489 1108 615 1185 illis,
645 1111 708 1168 in
741 1111 943 1188 quibus
980 1109 1055 1167 cst
1086 1105 1338 1189 scriptus,
1377 1109 1541 1191 quod

328 1195 538 1276 semper
559 1195 612 1255 se
636 1194 1044 1256 Heracliensem
1057 1192 1160 1254 effe
1174 1194 1376 1270 voluit,
1398 1196 1539 1275 reji-

330 1275 543 1345 ciatur?
572 1280 764 1342 census
787 1280 1006 1341 nostros
1037 1283 1273 1361 requiris
1303 1279 1537 1347 scilicet.

325 1368 402 1430 est
415 1374 564 1450 enlm
580 1366 1164 1449 obscurum,proximis
1184 1365 1537 1447 censoribus,

326 1458 479 1517 hunc
501 1476 624 1517 cum
655 1455 938 1516 'clarissimo
962 1456 1296 1534 imperatore
1318 1462 1389 1515 L.
1410 1462 1535 1517 Lu-

325 1543 501 1619 culle,
531 1542 673 1624 apud
689 1545 991 1604 exercitum
1006 1539 1193 1602 finiss‘e:
1234 1540 1537 1622 superiori·

328 1631 402 1690 bu
410 1650 458 1704 s,
481 1649 606 1692 eum
621 1627 816 1690 eodem
837 1629 1121 1710 quaestore
1135 1626 1287 1689 fuiss'e
1301 1630 1362 1688 in
1379 1627 1537 1691 Asta:

326 1717 546 1796 primia,
575 1713 727 1791 Julio
757 1730 815 1774 et
839 1714 1050 1792 Crasso,
1088 1714 1297 1775 nullam
1335 1717 1539 1798 populi

326 1818 542 1884 partem
564 1799 667 1861 effe
689 1799 927 1862 censam.
974 1800 1088 1877 sed,
1117 1803 1387 1882 quoniam
1398 1822 1537 1862 cen·

325 1886 418 1948 sus
441 1907 560 1947 non
583 1889 680 1963 jus
705 1889 948 1948 civitatis
974 1885 1289 1962 confirmat,
1314 1909 1379 1948 ac
1401 1903 1535 1948 tan·

327 1973 622 2036 tummodo
637 1974 869 2049 indicat,
888 1995 1035 2049 eum,
1052 1975 1149 2054 qui
1170 1971 1236 2034 fit
1250 1971 1467 2049 census,
1481 1975 1535 2033 i-

329 2074 390 2121 ta
403 2058 582 2138 sejam
598 2075 714 2121 tum
731 2059 927 2139 gessiss'e
942 2082 1053 2141 pro
1060 2061 1203 2120 cives
1229 2060 1300 2120 iis
1313 2077 1533 2140 tempo-

330 2149 508 2222 ribus,
531 2168 669 2228 quae
683 2158 744 2207 tu
761 2149 1071 2208 criminatis
1076 2192 1095 2223 ,
1128 2168 1198 2206 ne
1220 2146 1391 2226 ipsius
1404 2148 1533 2228 qui-

273 2232 277 2236 ’
325 2233 454 2295 dem
489 2234 705 2311 judicio
741 2255 868 2294 eum
899 2235 962 2294 in
996 2235 1201 2295 civium
1241 2229 1531 2294 Romano-

326 2341 452 2382 rum
468 2321 594 2396 jure
615 2319 718 2380 effe
747 2317 1044 2394 versatum,
1067 2335 1123 2380 et
1148 2318 1531 2380 testamentum

329 2405 484 2488 saepe
503 2404 635 2466 fecit
659 2405 856 2468 nostris
880 2407 1111 2483 legibus,
1134 2422 1189 2465 et
1206 2405 1337 2464 adiit
1373 2409 1529 2466 here-

330 2493 532 2554 ditates
553 2494 754 2556 civium
775 2500 1177 2570 Romanorum,
1206 2507 1259 2553 et
1282 2494 1529 2558 inbene-
