<?xml version="1.0" encoding="UTF-8"?>
<!DOCTYPE html PUBLIC "-//W3C//DTD XHTML 1.0 Transitional//EN"
    "http://www.w3.org/TR/xhtml1/DTD/xhtml1-transitional.dtd">
<html xmlns="http://www.w3.org/1999/xhtml" xml:lang="en" lang="en">
 <head>
  <title>
</title>
<meta http-equiv="Content-Type" content="text/html;charset=utf-8" />
  <meta name='ocr-system' content='tesseract 3.04.00' />
  <meta name='ocr-capabilities' content='ocr_page ocr_carea ocr_par ocr_line ocrx_word'/>
</head>
<body>
  <div class='ocr_page' id='page_1' title='image "./mtulliiciceroni05unkngoog_0045.png"; bbox 0 0 1717 3075; ppageno 0'>
   <div class='ocr_carea' id='block_1_1' title="bbox 397 224 1357 301">
    <p class='ocr_par' dir='ltr' id='par_1_1' title="bbox 397 224 1357 301">
     <span class='ocr_line' id='line_1_1' title="bbox 397 224 1357 301; baseline -0.003 -18"><span class='ocrx_word' id='word_1_1' title='bbox 397 226 637 284; x_wconf 85' lang='lat' dir='ltr'><strong>POST·</strong></span> <span class='ocrx_word' id='word_1_2' title='bbox 665 224 1137 283; x_wconf 83' lang='lat' dir='ltr'><strong>REDITUM.</strong></span> <span class='ocrx_word' id='word_1_3' title='bbox 1284 240 1357 301; x_wconf 80' lang='lat'><strong>33</strong></span> 
     </span>
    </p>
   </div>
   <div class='ocr_carea' id='block_1_2' title="bbox 105 316 1371 2664">
    <p class='ocr_par' dir='ltr' id='par_1_2' title="bbox 105 316 1371 2664">
     <span class='ocr_line' id='line_1_2' title="bbox 105 316 1363 401; baseline -0.003 -18"><span class='ocrx_word' id='word_1_4' title='bbox 105 316 134 359; x_wconf 88' lang='lat'><strong>⁶</strong></span> <span class='ocrx_word' id='word_1_5' title='bbox 151 318 289 383; x_wconf 78' lang='lat' dir='ltr'><strong>dum</strong></span> <span class='ocrx_word' id='word_1_6' title='bbox 309 320 664 401; x_wconf 81' lang='lat' dir='ltr'><strong>putaverunt.</strong></span> <span class='ocrx_word' id='word_1_7' title='bbox 777 328 971 400; x_wconf 85' lang='lat' dir='ltr'><strong>Itaque</strong></span> <span class='ocrx_word' id='word_1_8' title='bbox 1000 340 1126 379; x_wconf 88' lang='lat' dir='ltr'><strong>cum</strong></span> <span class='ocrx_word' id='word_1_9' title='bbox 1142 339 1245 397; x_wconf 86' lang='lat' dir='ltr'><strong>ego</strong></span> <span class='ocrx_word' id='word_1_10' title='bbox 1262 323 1363 379; x_wconf 83' lang='lat' dir='ltr'><strong>ab·</strong></span> 
     </span>
     <span class='ocr_line' id='line_1_3' title="bbox 152 404 1363 489; baseline -0.002 -20"><span class='ocrx_word' id='word_1_11' title='bbox 152 408 258 484; x_wconf 81' lang='lat' dir='ltr'><strong>fui,</strong></span> <span class='ocrx_word' id='word_1_12' title='bbox 281 428 398 468; x_wconf 84' lang='lat' dir='ltr'><strong>eam</strong></span> <span class='ocrx_word' id='word_1_13' title='bbox 413 409 804 489; x_wconf 82' lang='lat' dir='ltr'><strong>rempublicam</strong></span> <span class='ocrx_word' id='word_1_14' title='bbox 819 404 1101 481; x_wconf 75' lang='lat' dir='ltr'><strong>habuistis,</strong></span> <span class='ocrx_word' id='word_1_15' title='bbox 1113 421 1177 467; x_wconf 90' lang='lat' dir='ltr'><strong>ut</strong></span> <span class='ocrx_word' id='word_1_16' title='bbox 1190 426 1363 484; x_wconf 89' lang='lat' dir='ltr'><strong>aeque</strong></span> 
     </span>
     <span class='ocr_line' id='line_1_4' title="bbox 153 492 1357 574; baseline -0.003 -17"><span class='ocrx_word' id='word_1_17' title='bbox 153 514 268 569; x_wconf 58' lang='grc' dir='ltr'><strong>ωας</strong></span> <span class='ocrx_word' id='word_1_18' title='bbox 283 494 638 574; x_wconf 82' lang='lat' dir='ltr'><strong>atqueillam,</strong></span> <span class='ocrx_word' id='word_1_19' title='bbox 655 492 1039 555; x_wconf 86' lang='lat' dir='ltr'><strong>restituendam</strong></span> <span class='ocrx_word' id='word_1_20' title='bbox 1063 494 1357 573; x_wconf 78' lang='lat' dir='ltr'><strong>putaretis.</strong></span> 
     </span>
     <span class='ocr_line' id='line_1_5' title="bbox 153 578 1361 659; baseline 0 -18"><span class='ocrx_word' id='word_1_21' title='bbox 153 602 262 659; x_wconf 87' lang='lat' dir='ltr'><strong>ego</strong></span> <span class='ocrx_word' id='word_1_22' title='bbox 285 596 494 656; x_wconf 85' lang='lat' dir='ltr'><strong>autem,</strong></span> <span class='ocrx_word' id='word_1_23' title='bbox 516 582 578 640; x_wconf 88' lang='lat' dir='ltr'><strong>in</strong></span> <span class='ocrx_word' id='word_1_24' title='bbox 611 602 724 659; x_wconf 86' lang='lat' dir='ltr'><strong>qua</strong></span> <span class='ocrx_word' id='word_1_25' title='bbox 737 582 961 639; x_wconf 82' lang='lat' dir='ltr'><strong>civitate</strong></span> <span class='ocrx_word' id='word_1_26' title='bbox 984 580 1125 639; x_wconf 89' lang='lat' dir='ltr'><strong>nihil</strong></span> <span class='ocrx_word' id='word_1_27' title='bbox 1148 578 1361 641; x_wconf 81' lang='lat' dir='ltr'><strong>valeret</strong></span> 
     </span>
     <span class='ocr_line' id='line_1_6' title="bbox 151 661 1361 747; baseline -0.002 -18"><span class='ocrx_word' id='word_1_28' title='bbox 151 666 398 743; x_wconf 84' lang='lat' dir='ltr'><strong>senatus,</strong></span> <span class='ocrx_word' id='word_1_29' title='bbox 413 670 598 727; x_wconf 75' lang='lat' dir='ltr'><strong>omnis</strong></span> <span class='ocrx_word' id='word_1_30' title='bbox 613 661 744 727; x_wconf 76' lang='lat' dir='ltr'><strong>effer</strong></span> <span class='ocrx_word' id='word_1_31' title='bbox 759 668 1061 747; x_wconf 79' lang='lat' dir='ltr'><strong>impunitas</strong></span> <span class='ocrx_word' id='word_1_32' title='bbox 1065 711 1085 743; x_wconf 87' lang='lat'><strong><em>,</em></strong></span> <span class='ocrx_word' id='word_1_33' title='bbox 1102 666 1253 726; x_wconf 75' lang='lat' dir='ltr'><strong>nulla</strong></span> <span class='ocrx_word' id='word_1_34' title='bbox 1261 668 1361 746; x_wconf 89' lang='lat' dir='ltr'><strong>ju·</strong></span> 
     </span>
     <span class='ocr_line' id='line_1_7' title="bbox 150 752 1355 829; baseline 0.001 -14"><span class='ocrx_word' id='word_1_35' title='bbox 150 754 320 829; x_wconf 79' lang='lat' dir='ltr'><strong>dicia,</strong></span> <span class='ocrx_word' id='word_1_36' title='bbox 343 756 434 814; x_wconf 80' lang='lat' dir='ltr'><strong>vis</strong></span> <span class='ocrx_word' id='word_1_37' title='bbox 457 768 514 813; x_wconf 90' lang='lat' dir='ltr'><strong>et</strong></span> <span class='ocrx_word' id='word_1_38' title='bbox 525 752 730 813; x_wconf 87' lang='lat' dir='ltr'><strong>ferrum</strong></span> <span class='ocrx_word' id='word_1_39' title='bbox 749 755 806 813; x_wconf 87' lang='lat' dir='ltr'><strong>in</strong></span> <span class='ocrx_word' id='word_1_40' title='bbox 824 752 953 813; x_wconf 87' lang='lat' dir='ltr'><strong>foro</strong></span> <span class='ocrx_word' id='word_1_41' title='bbox 970 752 1317 815; x_wconf 81' lang='lat' dir='ltr'><strong>versarentur</strong></span> <span class='ocrx_word' id='word_1_42' title='bbox 1334 776 1355 816; x_wconf 71' lang='lat' dir='ltr'>a</span> 
     </span>
     <span class='ocr_line' id='line_1_8' title="bbox 151 838 1357 921; baseline 0.001 -21"><span class='ocrx_word' id='word_1_43' title='bbox 151 862 280 900; x_wconf 88' lang='lat' dir='ltr'><strong>cum</strong></span> <span class='ocrx_word' id='word_1_44' title='bbox 305 842 511 921; x_wconf 84' lang='lat' dir='ltr'><strong>privati</strong></span> <span class='ocrx_word' id='word_1_45' title='bbox 537 838 592 899; x_wconf 92' lang='lat' dir='ltr'><strong>se</strong></span> <span class='ocrx_word' id='word_1_46' title='bbox 624 842 891 919; x_wconf 83' lang='lat' dir='ltr'><strong>parietum</strong></span> <span class='ocrx_word' id='word_1_47' title='bbox 913 838 1203 921; x_wconf 84' lang='lat' dir='ltr'><strong>praefidio,</strong></span> <span class='ocrx_word' id='word_1_48' title='bbox 1234 861 1357 901; x_wconf 79' lang='lat' dir='ltr'><strong>non</strong></span> 
     </span>
     <span class='ocr_line' id='line_1_9' title="bbox 148 926 1361 1009; baseline -0.003 -22"><span class='ocrx_word' id='word_1_49' title='bbox 148 928 336 1005; x_wconf 81' lang='lat' dir='ltr'><strong>legum</strong></span> <span class='ocrx_word' id='word_1_50' title='bbox 351 941 656 987; x_wconf 83' lang='lat' dir='ltr'><strong>tuerentur:</strong></span> <span class='ocrx_word' id='word_1_51' title='bbox 677 927 887 987; x_wconf 83' lang='lat' dir='ltr'><strong>tribuni</strong></span> <span class='ocrx_word' id='word_1_52' title='bbox 900 926 1075 1009; x_wconf 78' lang='lat' dir='ltr'><strong>plebis</strong></span> <span class='ocrx_word' id='word_1_53' title='bbox 1088 928 1251 989; x_wconf 76' lang='lat' dir='ltr'><strong>vobis</strong></span> <span class='ocrx_word' id='word_1_54' title='bbox 1266 928 1361 987; x_wconf 67' lang='lat' dir='ltr'><strong>in-</strong></span> 
     </span>
     <span class='ocr_line' id='line_1_10' title="bbox 150 1012 1357 1094; baseline 0.001 -20"><span class='ocrx_word' id='word_1_55' title='bbox 150 1012 520 1094; x_wconf 59' lang='lat' dir='ltr'><strong>spectantibus</strong></span> <span class='ocrx_word' id='word_1_56' title='bbox 536 1014 980 1089; x_wconf 81' lang='lat' dir='ltr'><strong>vulnerarentur,</strong></span> <span class='ocrx_word' id='word_1_57' title='bbox 996 1013 1065 1074; x_wconf 83' lang='lat' dir='ltr'><strong>ad</strong></span> <span class='ocrx_word' id='word_1_58' title='bbox 1080 1013 1357 1093; x_wconf 81' lang='lat' dir='ltr'><strong>magistra-</strong></span> 
     </span>
     <span class='ocr_line' id='line_1_11' title="bbox 149 1098 1359 1179; baseline 0 -18"><span class='ocrx_word' id='word_1_59' title='bbox 149 1116 312 1161; x_wconf 82' lang='lat' dir='ltr'><strong>tuum</strong></span> <span class='ocrx_word' id='word_1_60' title='bbox 327 1098 532 1161; x_wconf 79' lang='lat' dir='ltr'><strong>domos</strong></span> <span class='ocrx_word' id='word_1_61' title='bbox 553 1120 679 1159; x_wconf 87' lang='lat' dir='ltr'><strong>cum</strong></span> <span class='ocrx_word' id='word_1_62' title='bbox 699 1100 848 1159; x_wconf 86' lang='lat' dir='ltr'><strong>ferro</strong></span> <span class='ocrx_word' id='word_1_63' title='bbox 862 1115 920 1159; x_wconf 90' lang='lat' dir='ltr'><strong>et</strong></span> <span class='ocrx_word' id='word_1_64' title='bbox 940 1100 1147 1162; x_wconf 81' lang='lat' dir='ltr'><strong>facibus</strong></span> <span class='ocrx_word' id='word_1_65' title='bbox 1164 1104 1359 1179; x_wconf 86' lang='lat' dir='ltr'><strong>iretur,</strong></span> 
     </span>
     <span class='ocr_line' id='line_1_12' title="bbox 148 1184 1358 1265; baseline 0 -16"><span class='ocrx_word' id='word_1_66' title='bbox 148 1186 400 1249; x_wconf 81' lang='lat' dir='ltr'><strong>consulis</strong></span> <span class='ocrx_word' id='word_1_67' title='bbox 413 1184 581 1248; x_wconf 83' lang='lat' dir='ltr'><strong>fasces</strong></span> <span class='ocrx_word' id='word_1_68' title='bbox 596 1185 1233 1265; x_wconf 75' lang='lat' dir='ltr'><strong>frangerentur‚&#39;deorum</strong></span> <span class='ocrx_word' id='word_1_69' title='bbox 1248 1191 1358 1249; x_wconf 82' lang='lat' dir='ltr'><strong>im-</strong></span> 
     </span>
     <span class='ocr_line' id='line_1_13' title="bbox 149 1274 1359 1354; baseline 0.002 -19"><span class='ocrx_word' id='word_1_70' title='bbox 149 1274 480 1335; x_wconf 80' lang='lat' dir='ltr'><strong>mortalium</strong></span> <span class='ocrx_word' id='word_1_71' title='bbox 497 1274 699 1354; x_wconf 86' lang='lat' dir='ltr'><strong>templa</strong></span> <span class='ocrx_word' id='word_1_72' title='bbox 721 1274 1180 1336; x_wconf 84' lang='lat' dir='ltr'><strong>incenderentur.</strong></span> <span class='ocrx_word' id='word_1_73' title='bbox 1163 1299 1179 1315; x_wconf 93' lang='lat'><strong>·</strong></span> <span class='ocrx_word' id='word_1_74' title='bbox 1211 1296 1359 1337; x_wconf 87' lang='lat' dir='ltr'><strong>rem-</strong></span> 
     </span>
     <span class='ocr_line' id='line_1_14' title="bbox 149 1359 1361 1462; baseline 0.002 -41"><span class='ocrx_word' id='word_1_75' title='bbox 149 1362 429 1443; x_wconf 81' lang='lat' dir='ltr'><strong>publicam</strong></span> <span class='ocrx_word' id='word_1_76' title='bbox 443 1359 548 1421; x_wconf 83' lang='lat' dir='ltr'><strong>effe</strong></span> <span class='ocrx_word' id='word_1_77' title='bbox 561 1360 769 1421; x_wconf 84' lang='lat' dir='ltr'><strong>nullam</strong></span> <span class='ocrx_word' id='word_1_78' title='bbox 785 1365 999 1462; x_wconf 79' lang='lat' dir='ltr'><strong>putavi.</strong></span> <span class='ocrx_word' id='word_1_79' title='bbox 1048 1364 1234 1442; x_wconf 85' lang='lat' dir='ltr'><strong>itaque</strong></span> <span class='ocrx_word' id='word_1_80' title='bbox 1256 1384 1361 1423; x_wconf 76' lang='lat' dir='ltr'><strong>ne-</strong></span> 
     </span>
     <span class='ocr_line' id='line_1_15' title="bbox 149 1447 1359 1530; baseline 0.002 -23"><span class='ocrx_word' id='word_1_81' title='bbox 149 1468 260 1529; x_wconf 82' lang='lat' dir='ltr'><strong>que</strong></span> <span class='ocrx_word' id='word_1_82' title='bbox 275 1447 556 1530; x_wconf 82' lang='lat' dir='ltr'><strong>republica</strong></span> <span class='ocrx_word' id='word_1_83' title='bbox 583 1449 979 1525; x_wconf 82' lang='lat' dir='ltr'><strong>exterminata,</strong></span> <span class='ocrx_word' id='word_1_84' title='bbox 1006 1451 1141 1508; x_wconf 81' lang='lat' dir='ltr'><strong>mihi</strong></span> <span class='ocrx_word' id='word_1_85' title='bbox 1171 1448 1359 1511; x_wconf 86' lang='lat' dir='ltr'><strong>locum</strong></span> 
     </span>
     <span class='ocr_line' id='line_1_16' title="bbox 150 1528 1359 1611; baseline 0.002 -15"><span class='ocrx_word' id='word_1_86' title='bbox 150 1538 210 1596; x_wconf 81' lang='lat' dir='ltr'><strong>in</strong></span> <span class='ocrx_word' id='word_1_87' title='bbox 225 1539 333 1597; x_wconf 84' lang='lat' dir='ltr'><strong>hac</strong></span> <span class='ocrx_word' id='word_1_88' title='bbox 357 1539 492 1596; x_wconf 87' lang='lat' dir='ltr'><strong>urbe</strong></span> <span class='ocrx_word' id='word_1_89' title='bbox 507 1533 610 1595; x_wconf 78' lang='lat' dir='ltr'><strong>effe</strong></span> <span class='ocrx_word' id='word_1_90' title='bbox 633 1537 788 1596; x_wconf 84' lang='lat' dir='ltr'><strong>duxi·</strong></span> <span class='ocrx_word' id='word_1_91' title='bbox 817 1557 944 1611; x_wconf 86' lang='lat' dir='ltr'><strong>nec,</strong></span> <span class='ocrx_word' id='word_1_92' title='bbox 967 1533 1007 1595; x_wconf 85' lang='lat' dir='ltr'><strong>fi</strong></span> <span class='ocrx_word' id='word_1_93' title='bbox 1026 1536 1119 1595; x_wconf 89' lang='lat' dir='ltr'><strong>illa</strong></span> <span class='ocrx_word' id='word_1_94' title='bbox 1142 1528 1359 1598; x_wconf 69' lang='lat' dir='ltr'><strong>resti&#39;tu-</strong></span> 
     </span>
     <span class='ocr_line' id='line_1_17' title="bbox 149 1620 1359 1704; baseline 0.001 -21"><span class='ocrx_word' id='word_1_95' title='bbox 149 1637 360 1698; x_wconf 83' lang='lat' dir='ltr'><strong>eretur,</strong></span> <span class='ocrx_word' id='word_1_96' title='bbox 382 1622 654 1697; x_wconf 78' lang='lat' dir='ltr'><strong>dubitavi,</strong></span> <span class='ocrx_word' id='word_1_97' title='bbox 686 1625 822 1704; x_wconf 84' lang='lat' dir='ltr'><strong>quin</strong></span> <span class='ocrx_word' id='word_1_98' title='bbox 839 1643 926 1682; x_wconf 86' lang='lat' dir='ltr'><strong>me</strong></span> <span class='ocrx_word' id='word_1_99' title='bbox 943 1620 1123 1683; x_wconf 87' lang='lat' dir='ltr'><strong>secum</strong></span> <span class='ocrx_word' id='word_1_100' title='bbox 1140 1623 1254 1704; x_wconf 88' lang='lat' dir='ltr'><strong>ipsa</strong></span> <span class='ocrx_word' id='word_1_101' title='bbox 1270 1645 1359 1684; x_wconf 89' lang='lat' dir='ltr'><strong>re</strong></span> 
     </span>
     <span class='ocr_line' id='line_1_18' title="bbox 149 1708 1359 1791; baseline 0 -21"><span class='ocrx_word' id='word_1_102' title='bbox 149 1708 400 1771; x_wconf 77' lang='lat' dir='ltr'><strong>duceret.</strong></span> <span class='ocrx_word' id='word_1_103' title='bbox 427 1729 500 1770; x_wconf 85' lang='lat' dir='ltr'><strong>an</strong></span> <span class='ocrx_word' id='word_1_104' title='bbox 515 1731 644 1788; x_wconf 89' lang='lat' dir='ltr'><strong>ego,</strong></span> <span class='ocrx_word' id='word_1_105' title='bbox 660 1729 786 1770; x_wconf 88' lang='lat' dir='ltr'><strong>curn</strong></span> <span class='ocrx_word' id='word_1_106' title='bbox 801 1711 936 1770; x_wconf 86' lang='lat' dir='ltr'><strong>mihi</strong></span> <span class='ocrx_word' id='word_1_107' title='bbox 950 1708 1079 1770; x_wconf 79' lang='lat' dir='ltr'><strong>effet</strong></span> <span class='ocrx_word' id='word_1_108' title='bbox 1096 1710 1359 1791; x_wconf 79' lang='lat' dir='ltr'><strong>explora-</strong></span> 
     </span>
     <span class='ocr_line' id='line_1_19' title="bbox 148 1795 1359 1876; baseline 0.002 -20"><span class='ocrx_word' id='word_1_109' title='bbox 148 1797 431 1872; x_wconf 77' lang='lat' dir='ltr'><strong>tiffimum,</strong></span> <span class='ocrx_word' id='word_1_110' title='bbox 470 1803 533 1856; x_wconf 86' lang='lat' dir='ltr'><strong>P.</strong></span> <span class='ocrx_word' id='word_1_111' title='bbox 573 1795 879 1856; x_wconf 83' lang='lat' dir='ltr'><strong>Lentulum</strong></span> <span class='ocrx_word' id='word_1_112' title='bbox 908 1798 1167 1876; x_wconf 83' lang='lat' dir='ltr'><strong>proximo</strong></span> <span class='ocrx_word' id='word_1_113' title='bbox 1199 1818 1359 1859; x_wconf 85' lang='lat' dir='ltr'><strong>anno</strong></span> 
     </span>
     <span class='ocr_line' id='line_1_20' title="bbox 147 1881 1357 1966; baseline 0 -22"><span class='ocrx_word' id='word_1_114' title='bbox 147 1881 435 1944; x_wconf 75' lang='lat' dir='ltr'><strong>consulem</strong></span> <span class='ocrx_word' id='word_1_115' title='bbox 451 1881 718 1958; x_wconf 80' lang='lat' dir='ltr'><strong>futurum,</strong></span> <span class='ocrx_word' id='word_1_116' title='bbox 755 1886 852 1963; x_wconf 83' lang='lat' dir='ltr'><strong>qui</strong></span> <span class='ocrx_word' id='word_1_117' title='bbox 869 1883 977 1942; x_wconf 78' lang='lat' dir='ltr'><strong>illis</strong></span> <span class='ocrx_word' id='word_1_118' title='bbox 994 1883 1118 1964; x_wconf 80' lang='lat' dir='ltr'><strong>ipfis</strong></span> <span class='ocrx_word' id='word_1_119' title='bbox 1136 1887 1357 1966; x_wconf 79' lang='lat' dir='ltr'><strong>reipub-</strong></span> 
     </span>
     <span class='ocr_line' id='line_1_21' title="bbox 147 1969 1365 2052; baseline 0.002 -21"><span class='ocrx_word' id='word_1_120' title='bbox 147 1971 284 2031; x_wconf 82' lang='lat' dir='ltr'><strong>licae</strong></span> <span class='ocrx_word' id='word_1_121' title='bbox 311 1969 761 2052; x_wconf 83' lang='lat' dir='ltr'><strong>periculofissimis</strong></span> <span class='ocrx_word' id='word_1_122' title='bbox 791 1972 1132 2050; x_wconf 87' lang='lat' dir='ltr'><strong>temporibus</strong></span> <span class='ocrx_word' id='word_1_123' title='bbox 1166 1971 1365 2033; x_wconf 67' lang='lat' dir='ltr'><strong>aedilis</strong></span> 
     </span>
     <span class='ocr_line' id='line_1_22' title="bbox 147 2057 1361 2132; baseline 0.001 -13"><span class='ocrx_word' id='word_1_124' title='bbox 147 2057 385 2132; x_wconf 74' lang='lat' dir='ltr'><strong>curulis,</strong></span> <span class='ocrx_word' id='word_1_125' title='bbox 416 2077 506 2117; x_wconf 88' lang='lat' dir='ltr'><strong>me</strong></span> <span class='ocrx_word' id='word_1_126' title='bbox 541 2057 786 2132; x_wconf 74' lang='lat' dir='ltr'><strong>confizle,</strong></span> <span class='ocrx_word' id='word_1_127' title='bbox 818 2059 1072 2117; x_wconf 86' lang='lat' dir='ltr'><strong>omnium</strong></span> <span class='ocrx_word' id='word_1_128' title='bbox 1103 2077 1361 2120; x_wconf 78' lang='lat' dir='ltr'><strong>meorum</strong></span> 
     </span>
     <span class='ocr_line' id='line_1_23' title="bbox 144 2143 1363 2226; baseline -0.001 -20"><span class='ocrx_word' id='word_1_129' title='bbox 144 2143 510 2206; x_wconf 70' lang='lat' dir='ltr'><strong>consiliorum</strong></span> <span class='ocrx_word' id='word_1_130' title='bbox 539 2146 810 2224; x_wconf 77' lang='lat' dir='ltr'><strong>particeps</strong></span> <span class='ocrx_word' id='word_1_131' title='bbox 824 2188 843 2219; x_wconf 90' lang='lat'>‚</span> <span class='ocrx_word' id='word_1_132' title='bbox 874 2143 1363 2226; x_wconf 83' lang='lat' dir='ltr'><strong>periculorumque</strong></span> 
     </span>
     <span class='ocr_line' id='line_1_24' title="bbox 145 2228 1357 2309; baseline -0.002 -15"><span class='ocrx_word' id='word_1_133' title='bbox 145 2231 332 2294; x_wconf 82' lang='lat' dir='ltr'><strong>socius</strong></span> <span class='ocrx_word' id='word_1_134' title='bbox 349 2228 550 2292; x_wconf 65' lang='lat' dir='ltr'><strong>sufflet:</strong></span> <span class='ocrx_word' id='word_1_135' title='bbox 564 2229 1038 2309; x_wconf 79' lang='lat' dir='ltr'><strong>dubitarem‚quin</strong></span> <span class='ocrx_word' id='word_1_136' title='bbox 1048 2231 1097 2290; x_wconf 81' lang='lat' dir='ltr'><strong>is</strong></span> <span class='ocrx_word' id='word_1_137' title='bbox 1112 2251 1201 2290; x_wconf 88' lang='lat' dir='ltr'><strong>me</strong></span> <span class='ocrx_word' id='word_1_138' title='bbox 1214 2251 1357 2293; x_wconf 84' lang='lat' dir='ltr'><strong>con-</strong></span> 
     </span>
     <span class='ocr_line' id='line_1_25' title="bbox 145 2315 1359 2394; baseline -0.004 -13"><span class='ocrx_word' id='word_1_139' title='bbox 145 2319 354 2381; x_wconf 59' lang='lat' dir='ltr'><strong>fenum</strong></span> <span class='ocrx_word' id='word_1_140' title='bbox 383 2315 763 2378; x_wconf 76' lang='lat' dir='ltr'><strong>consularibus</strong></span> <span class='ocrx_word' id='word_1_141' title='bbox 786 2317 1131 2394; x_wconf 78' lang='lat' dir='ltr'><strong>vulneribus,</strong></span> <span class='ocrx_word' id='word_1_142' title='bbox 1152 2316 1359 2378; x_wconf 84' lang='lat' dir='ltr'><strong>consu-</strong></span> 
     </span>
     <span class='ocr_line' id='line_1_26' title="bbox 146 2402 1369 2470; baseline -0.002 -3"><span class='ocrx_word' id='word_1_143' title='bbox 146 2407 246 2467; x_wconf 75' lang='lat' dir='ltr'><strong>lari</strong></span> <span class='ocrx_word' id='word_1_144' title='bbox 259 2403 542 2466; x_wconf 68' lang='lat' dir='ltr'><strong>medicina</strong></span> <span class='ocrx_word' id='word_1_145' title='bbox 555 2403 624 2464; x_wconf 74' lang='lat' dir='ltr'><strong>ad</strong></span> <span class='ocrx_word' id='word_1_146' title='bbox 645 2403 867 2470; x_wconf 80' lang='lat' dir='ltr'><strong>salutem</strong></span> <span class='ocrx_word' id='word_1_147' title='bbox 892 2402 1174 2464; x_wconf 84' lang='lat' dir='ltr'><strong>reduceret</strong></span> <span class='ocrx_word' id='word_1_148' title='bbox 1189 2406 1211 2463; x_wconf 73' lang='grc' dir='ltr'><strong><em>ἓ</em></strong></span> <span class='ocrx_word' id='word_1_149' title='bbox 1244 2408 1369 2464; x_wconf 76' lang='lat' dir='ltr'><strong>hoc</strong></span> 
     </span>
     <span class='ocr_line' id='line_1_27' title="bbox 149 2489 1371 2569; baseline -0.003 -13"><span class='ocrx_word' id='word_1_150' title='bbox 149 2493 310 2568; x_wconf 68' lang='lat' dir='ltr'><strong>duce,</strong></span> <span class='ocrx_word' id='word_1_151' title='bbox 344 2489 752 2569; x_wconf 79' lang='lat' dir='ltr'><strong>collegaautem</strong></span> <span class='ocrx_word' id='word_1_152' title='bbox 775 2491 917 2568; x_wconf 77' lang='lat' dir='ltr'><strong>ejus,</strong></span> <span class='ocrx_word' id='word_1_153' title='bbox 946 2489 1371 2552; x_wconf 77' lang='lat' dir='ltr'><strong>clementiffimo·</strong></span> 
     </span>
     <span class='ocr_line' id='line_1_28' title="bbox 151 2575 1371 2664; baseline -0.007 -21"><span class='ocrx_word' id='word_1_154' title='bbox 151 2597 315 2664; x_wconf 75' lang='lat' dir='ltr'><strong>atque</strong></span> <span class='ocrx_word' id='word_1_155' title='bbox 329 2581 550 2663; x_wconf 84' lang='lat' dir='ltr'><strong>optimo</strong></span> <span class='ocrx_word' id='word_1_156' title='bbox 569 2580 717 2654; x_wconf 70' lang='lat' dir='ltr'><strong>viro,</strong></span> <span class='ocrx_word' id='word_1_157' title='bbox 735 2579 921 2657; x_wconf 67' lang='lat' dir='ltr'><strong>primo</strong></span> <span class='ocrx_word' id='word_1_158' title='bbox 934 2597 1055 2640; x_wconf 85' lang='lat' dir='ltr'><strong>uon</strong></span> <span class='ocrx_word' id='word_1_159' title='bbox 1070 2575 1371 2638; x_wconf 56' lang='lat' dir='ltr'><strong>adversane·</strong></span> 
     </span>
    </p>
   </div>
  </div>
 </body>
</html>
